tz,product_id,side,price_level,quantity,difference,mid_price
2023-08-31T22:48:44.608197Z,BTC-USD,bid,14181.79,0.0001,166.2400000000,14264.9100000000
2023-08-31T22:48:42.544180Z,BTC-USD,ask,14348.03,9.424e-05,166.2400000000,14264.9100000000
2023-08-31T22:48:50.443391Z,BTC-USD,bid,13977.05,0.0001,873.4400000000,14413.7700000000
2023-08-31T22:48:45.881630Z,BTC-USD,ask,14850.49,8.841e-05,873.4400000000,14413.7700000000
2023-08-31T22:48:54.942569Z,BTC-USD,bid,13606.98,0.0001,1027.7900000000,14120.8750000000
2023-08-31T22:48:54.606587Z,BTC-USD,ask,14634.77,0.0001,1027.7900000000,14120.8750000000
2023-08-31T22:48:59.274266Z,BTC-USD,bid,13798.12,0.0001,547.6100000000,14071.9250000000
2023-08-31T22:48:59.607883Z,BTC-USD,ask,14345.73,0.0001,547.6100000000,14071.9250000000
2023-08-31T22:49:02.619944Z,BTC-USD,bid,14135.23,0.0001,122.2300000000,14196.3450000000
2023-08-31T22:49:04.617190Z,BTC-USD,ask,14257.46,0.0001,122.2300000000,14196.3450000000
2023-08-31T22:49:05.989603Z,BTC-USD,bid,14132.63,0.0001,74.2100000000,14169.7350000000
2023-08-31T22:49:09.274886Z,BTC-USD,ask,14206.84,0.0001,74.2100000000,14169.7350000000
2023-08-31T22:49:15.266345Z,BTC-USD,bid,13936.38,0.0001,347.7400000000,14110.2500000000
2023-08-31T22:49:14.322989Z,BTC-USD,ask,14284.12,0.0001,347.7400000000,14110.2500000000
2023-08-31T22:49:17.554811Z,BTC-USD,bid,13796.58,0.0001,460.9500000000,14027.0550000000
2023-08-31T22:49:19.887986Z,BTC-USD,ask,14257.53,0.0001,460.9500000000,14027.0550000000
2023-08-31T22:49:25.281558Z,BTC-USD,bid,14058.89,0.0001,476.7800000000,14297.2800000000
2023-08-31T22:49:21.051549Z,BTC-USD,ask,14535.67,0.0001,476.7800000000,14297.2800000000
2023-08-31T22:49:26.211495Z,BTC-USD,bid,14063.64,0.0001,181.7900000000,14154.5350000000
2023-08-31T22:49:25.614867Z,BTC-USD,ask,14245.43,0.0001,181.7900000000,14154.5350000000
2023-08-31T22:49:30.880425Z,BTC-USD,bid,13850.06,0.0001,310.3200000000,14005.2200000000
2023-08-31T22:49:30.618385Z,BTC-USD,ask,14160.38,0.0001,310.3200000000,14005.2200000000
2023-08-31T22:49:36.719320Z,BTC-USD,bid,13727.86,0.0001,674.7900000000,14065.2550000000
2023-08-31T22:49:37.050653Z,BTC-USD,ask,14402.65,0.0001,674.7900000000,14065.2550000000
2023-08-31T22:49:43.212219Z,BTC-USD,bid,13953.51,0.0001,215.1400000000,14061.0800000000
2023-08-31T22:49:45.219187Z,BTC-USD,ask,14168.65,0.0001,215.1400000000,14061.0800000000
2023-08-31T22:49:46.883231Z,BTC-USD,bid,14130.21,0.0001,418.7500000000,14339.5850000000
2023-08-31T22:49:46.546589Z,BTC-USD,ask,14548.96,0.0001,418.7500000000,14339.5850000000
2023-08-31T22:49:51.275400Z,BTC-USD,bid,13549.95,0.0001,665.7000000000,13882.8000000000
2023-08-31T22:49:55.323917Z,BTC-USD,ask,14215.65,0.0001,665.7000000000,13882.8000000000
2023-08-31T22:49:58.617808Z,BTC-USD,bid,14103.27,0.0001,209.1300000000,14207.8350000000
2023-08-31T22:49:56.991567Z,BTC-USD,ask,14312.4,0.0001,209.1300000000,14207.8350000000
2023-08-31T22:50:03.949409Z,BTC-USD,bid,14122.15,0.0001,59.7400000000,14152.0200000000
2023-08-31T22:50:02.932727Z,BTC-USD,ask,14181.89,0.0001,59.7400000000,14152.0200000000
2023-08-31T22:50:09.951141Z,BTC-USD,bid,14120.42,0.0001,23.7600000000,14132.3000000000
2023-08-31T22:50:07.278302Z,BTC-USD,ask,14144.18,0.0001,23.7600000000,14132.3000000000
2023-08-31T22:50:14.266618Z,BTC-USD,bid,13913.12,0.0001,307.3800000000,14066.8100000000
2023-08-31T22:50:10.617159Z,BTC-USD,ask,14220.5,0.0001,307.3800000000,14066.8100000000
2023-08-31T22:50:17.619714Z,BTC-USD,bid,14105.69,0.0001,127.2900000000,14169.3350000000
2023-08-31T22:50:16.555388Z,BTC-USD,ask,14232.98,0.0001,127.2900000000,14169.3350000000
2023-08-31T22:50:24.891725Z,BTC-USD,bid,13967.02,0.0001,283.8900000000,14108.9650000000
2023-08-31T22:50:23.176334Z,BTC-USD,ask,14250.91,0.0001,283.8900000000,14108.9650000000
2023-08-31T22:50:25.882810Z,BTC-USD,bid,13821.66,0.0001,380.7600000000,14012.0400000000
2023-08-31T22:50:29.759018Z,BTC-USD,ask,14202.42,0.0001,380.7600000000,14012.0400000000
2023-08-31T22:50:30.689222Z,BTC-USD,bid,14133.7,8.824e-05,148.7200000000,14208.0600000000
2023-08-31T22:50:31.092831Z,BTC-USD,ask,14282.42,0.0001,148.7200000000,14208.0600000000
2023-08-31T22:50:37.276614Z,BTC-USD,bid,13951.62,0.0001,425.1900000000,14164.2150000000
2023-08-31T22:50:37.610372Z,BTC-USD,ask,14376.81,0.0001,425.1900000000,14164.2150000000
2023-08-31T22:50:40.942859Z,BTC-USD,bid,13860.44,0.0001,671.2200000000,14196.0500000000
2023-08-31T22:50:40.609429Z,BTC-USD,ask,14531.66,0.0001,671.2200000000,14196.0500000000
2023-08-31T22:55:52.898013Z,BTC-USD,bid,14486.86,0.0001,209.2700000000,14591.4950000000
2023-08-31T22:55:54.111018Z,BTC-USD,ask,14696.13,0.0001,209.2700000000,14591.4950000000
2023-08-31T22:55:56.290661Z,BTC-USD,bid,14407.01,0.0001,194.0500000000,14504.0350000000
2023-08-31T22:55:56.369103Z,BTC-USD,ask,14601.06,9.345e-05,194.0500000000,14504.0350000000
2023-08-31T22:56:01.223479Z,BTC-USD,bid,14336.21,0.0001,200.5900000000,14436.5050000000
2023-08-31T22:56:02.890983Z,BTC-USD,ask,14536.8,0.0001,200.5900000000,14436.5050000000
2023-08-31T22:56:05.219055Z,BTC-USD,bid,14317.73,8.485e-05,266.5800000000,14451.0200000000
2023-08-31T22:56:05.937732Z,BTC-USD,ask,14584.31,0.0001,266.5800000000,14451.0200000000
2023-08-31T22:56:14.332880Z,BTC-USD,bid,14136.29,0.0001,325.8800000000,14299.2300000000
2023-08-31T22:56:11.560504Z,BTC-USD,ask,14462.17,0.0001,325.8800000000,14299.2300000000
2023-08-31T22:56:15.335255Z,BTC-USD,bid,14243.64,0.0001,166.2200000000,14326.7500000000
2023-08-31T22:56:14.666692Z,BTC-USD,ask,14409.86,0.0001,166.2200000000,14326.7500000000
2023-08-31T22:56:19.950263Z,BTC-USD,bid,14335.34,0.0001,178.8200000000,14424.7500000000
2023-08-31T22:56:20.616048Z,BTC-USD,ask,14514.16,0.0001,178.8200000000,14424.7500000000
2023-08-31T22:56:29.174572Z,BTC-USD,bid,14104.2,0.0001,378.2100000000,14293.3050000000
2023-08-31T22:56:28.958588Z,BTC-USD,ask,14482.41,0.0001,378.2100000000,14293.3050000000
2023-08-31T22:56:29.624693Z,BTC-USD,bid,14434.34,0.0001,291.5700000000,14580.1250000000
2023-08-31T22:56:31.290701Z,BTC-USD,ask,14725.91,0.0001,291.5700000000,14580.1250000000
2023-08-31T22:56:37.216447Z,BTC-USD,bid,13932.37,0.0001,378.0700000000,14121.4050000000
2023-08-31T22:56:35.667453Z,BTC-USD,ask,14310.44,0.0001,378.0700000000,14121.4050000000
2023-08-31T22:56:42.122338Z,BTC-USD,bid,14214.35,0.0001,128.4700000000,14278.5850000000
2023-08-31T22:56:43.291179Z,BTC-USD,ask,14342.82,0.0001,128.4700000000,14278.5850000000
2023-08-31T22:56:45.564845Z,BTC-USD,bid,14148.76,0.0001,81.4200000000,14189.4700000000
2023-08-31T22:56:47.957197Z,BTC-USD,ask,14230.18,0.0001,81.4200000000,14189.4700000000
2023-08-31T22:56:51.293345Z,BTC-USD,bid,14203.98,0.0001,15.5700000000,14211.7650000000
2023-08-31T22:56:49.633585Z,BTC-USD,ask,14219.55,0.0001,15.5700000000,14211.7650000000
2023-08-31T22:56:57.062745Z,BTC-USD,bid,13713.76,0.0001,998.4800000000,14213.0000000000
2023-08-31T22:56:57.397225Z,BTC-USD,ask,14712.24,0.0001,998.4800000000,14213.0000000000
2023-08-31T22:57:02.886586Z,BTC-USD,bid,14219.55,0.0001,120.0800000000,14279.5900000000
2023-08-31T22:57:02.555706Z,BTC-USD,ask,14339.63,0.0001,120.0800000000,14279.5900000000
2023-08-31T22:57:05.507793Z,BTC-USD,bid,14243.12,0.0001,232.1000000000,14359.1700000000
2023-08-31T22:57:04.896845Z,BTC-USD,ask,14475.22,0.0001,232.1000000000,14359.1700000000
2023-08-31T22:57:11.224190Z,BTC-USD,bid,14171.65,0.0001,717.4700000000,14530.3850000000
2023-08-31T22:57:12.891873Z,BTC-USD,ask,14889.12,0.0001,717.4700000000,14530.3850000000
2023-08-31T22:57:15.174164Z,BTC-USD,bid,14023.61,0.0001,454.2400000000,14250.7300000000
2023-08-31T22:57:15.668279Z,BTC-USD,ask,14477.85,0.0001,454.2400000000,14250.7300000000
2023-08-31T22:57:20.618393Z,BTC-USD,bid,13929.42,0.0001,628.2000000000,14243.5200000000
2023-08-31T22:57:20.951452Z,BTC-USD,ask,14557.62,0.0001,628.2000000000,14243.5200000000
2023-08-31T22:57:26.618079Z,BTC-USD,bid,14342.96,0.0001,72.7300000000,14379.3250000000
2023-08-31T22:57:28.625786Z,BTC-USD,ask,14415.69,0.0001,72.7300000000,14379.3250000000
2023-08-31T22:57:32.278149Z,BTC-USD,bid,14285.33,0.0001,197.9800000000,14384.3200000000
2023-08-31T22:57:31.284155Z,BTC-USD,ask,14483.31,0.0001,197.9800000000,14384.3200000000
2023-08-31T22:57:35.897459Z,BTC-USD,bid,14188.04,0.0001,291.8200000000,14333.9500000000
2023-08-31T22:57:34.672086Z,BTC-USD,ask,14479.86,0.0001,291.8200000000,14333.9500000000
2023-08-31T22:57:40.063178Z,BTC-USD,bid,14323.47,0.0001,351.2300000000,14499.0850000000
2023-08-31T22:57:43.292994Z,BTC-USD,ask,14674.7,0.0001,351.2300000000,14499.0850000000
2023-08-31T22:57:48.275946Z,BTC-USD,bid,14110.06,0.0001,588.1700000000,14404.1450000000
2023-08-31T22:57:48.626002Z,BTC-USD,ask,14698.23,0.0001,588.1700000000,14404.1450000000
2023-08-31T22:57:51.234951Z,BTC-USD,bid,14161.69,0.0001,290.7600000000,14307.0700000000
2023-08-31T22:57:54.276577Z,BTC-USD,ask,14452.45,0.0001,290.7600000000,14307.0700000000
2023-08-31T22:57:59.622603Z,BTC-USD,bid,14305.43,0.0001,129.1900000000,14370.0250000000
2023-08-31T22:57:55.610757Z,BTC-USD,ask,14434.62,0.0001,129.1900000000,14370.0250000000
2023-08-31T22:58:00.618099Z,BTC-USD,bid,14328.03,0.0001,129.5300000000,14392.7950000000
2023-08-31T22:58:03.176133Z,BTC-USD,ask,14457.56,0.0001,129.5300000000,14392.7950000000
2023-08-31T22:58:09.338834Z,BTC-USD,bid,14118.82,0.0001,216.7000000000,14227.1700000000
2023-08-31T22:58:07.557385Z,BTC-USD,ask,14335.52,0.0001,216.7000000000,14227.1700000000
2023-08-31T22:58:13.890907Z,BTC-USD,bid,14176.75,0.0001,363.8200000000,14358.6600000000
2023-08-31T22:58:10.441905Z,BTC-USD,ask,14540.57,0.0001,363.8200000000,14358.6600000000
2023-08-31T22:58:18.960939Z,BTC-USD,bid,13868.13,0.0001,438.7500000000,14087.5050000000
2023-08-31T22:58:18.627462Z,BTC-USD,ask,14306.88,0.0001,438.7500000000,14087.5050000000
2023-08-31T22:58:20.556287Z,BTC-USD,bid,14096.38,0.0001,354.3800000000,14273.5700000000
2023-08-31T22:58:23.557007Z,BTC-USD,ask,14450.76,0.0001,354.3800000000,14273.5700000000
2023-08-31T22:58:26.610858Z,BTC-USD,bid,14256.48,0.0001,60.6000000000,14286.7800000000
2023-08-31T22:58:27.337527Z,BTC-USD,ask,14317.08,0.0001,60.6000000000,14286.7800000000
2023-08-31T22:58:33.943535Z,BTC-USD,bid,14153.49,0.0001,113.3000000000,14210.1400000000
2023-08-31T22:58:29.628022Z,BTC-USD,ask,14266.79,0.0001,113.3000000000,14210.1400000000
2023-08-31T22:58:37.889506Z,BTC-USD,bid,14176.75,9.714e-05,370.8500000000,14362.1750000000
2023-08-31T22:58:38.222424Z,BTC-USD,ask,14547.6,9.808e-05,370.8500000000,14362.1750000000
2023-08-31T22:58:42.293169Z,BTC-USD,bid,14080.63,0.0001,181.4000000000,14171.3300000000
2023-08-31T22:58:41.567719Z,BTC-USD,ask,14262.03,0.0001,181.4000000000,14171.3300000000
2023-08-31T22:58:49.566574Z,BTC-USD,bid,14252.69,0.0001,6.8400000000,14256.1100000000
2023-08-31T22:58:48.230162Z,BTC-USD,ask,14259.53,0.0001,6.8400000000,14256.1100000000
2023-08-31T22:58:50.566979Z,BTC-USD,bid,14219.55,0.0001,112.4800000000,14275.7900000000
2023-08-31T22:58:50.239417Z,BTC-USD,ask,14332.03,0.0001,112.4800000000,14275.7900000000
2023-08-31T23:05:36.297387Z,BTC-USD,bid,13810.58,0.0001,484.9100000000,14053.0350000000
2023-08-31T23:05:36.016378Z,BTC-USD,ask,14295.49,0.0001,484.9100000000,14053.0350000000
2023-08-31T23:05:43.568133Z,BTC-USD,bid,14067.6,0.0001,284.8900000000,14210.0450000000
2023-08-31T23:05:42.236622Z,BTC-USD,ask,14352.49,0.0001,284.8900000000,14210.0450000000
2023-08-31T23:05:47.791171Z,BTC-USD,bid,14087.08,0.0001,47.9300000000,14111.0450000000
2023-08-31T23:05:44.347615Z,BTC-USD,ask,14135.01,0.0001,47.9300000000,14111.0450000000
2023-08-31T23:05:53.016244Z,BTC-USD,bid,13811.26,0.0001,614.9500000000,14118.7350000000
2023-08-31T23:05:49.302739Z,BTC-USD,ask,14426.21,0.0001,614.9500000000,14118.7350000000
2023-08-31T23:05:55.910036Z,BTC-USD,bid,14021.78,0.0001,399.0300000000,14221.2950000000
2023-08-31T23:05:54.353675Z,BTC-USD,ask,14420.81,0.0001,399.0300000000,14221.2950000000
2023-08-31T23:06:01.450386Z,BTC-USD,bid,14100.26,0.0001,60.6400000000,14130.5800000000
2023-08-31T23:06:02.969376Z,BTC-USD,ask,14160.9,0.0001,60.6400000000,14130.5800000000
2023-08-31T23:06:04.077522Z,BTC-USD,bid,14069.73,0.0001,42.3600000000,14090.9100000000
2023-08-31T23:06:04.413201Z,BTC-USD,ask,14112.09,0.0001,42.3600000000,14090.9100000000
2023-08-31T23:06:13.247878Z,BTC-USD,bid,14106.23,0.0001,350.0400000000,14281.2500000000
2023-08-31T23:06:09.620150Z,BTC-USD,ask,14456.27,0.0001,350.0400000000,14281.2500000000
2023-08-31T23:06:16.903364Z,BTC-USD,bid,14067.6,8.873e-05,284.8900000000,14210.0450000000
2023-08-31T23:06:14.902950Z,BTC-USD,ask,14352.49,8.714e-05,284.8900000000,14210.0450000000
2023-08-31T23:06:19.077465Z,BTC-USD,bid,14005.06,0.0001,394.8900000000,14202.5050000000
2023-08-31T23:06:18.743468Z,BTC-USD,ask,14399.95,0.0001,394.8900000000,14202.5050000000
2023-08-31T23:06:24.298757Z,BTC-USD,bid,14078.3,0.0001,67.6800000000,14112.1400000000
2023-08-31T23:06:25.632395Z,BTC-USD,ask,14145.98,0.0001,67.6800000000,14112.1400000000
2023-08-31T23:06:29.019618Z,BTC-USD,bid,14063.06,0.0001,598.7100000000,14362.4150000000
2023-08-31T23:06:31.857631Z,BTC-USD,ask,14661.77,0.0001,598.7100000000,14362.4150000000
2023-08-31T23:06:34.682904Z,BTC-USD,bid,13971.47,0.0001,466.3700000000,14204.6550000000
2023-08-31T23:06:35.016564Z,BTC-USD,ask,14437.84,0.0001,466.3700000000,14204.6550000000
2023-08-31T23:06:43.349835Z,BTC-USD,bid,14002.89,0.0001,885.5100000000,14445.6450000000
2023-08-31T23:06:39.298992Z,BTC-USD,ask,14888.4,0.0001,885.5100000000,14445.6450000000
2023-08-31T23:06:46.972283Z,BTC-USD,bid,14095.59,0.0001,255.0800000000,14223.1300000000
2023-08-31T23:06:43.684716Z,BTC-USD,ask,14350.67,0.0001,255.0800000000,14223.1300000000
2023-08-31T23:06:52.237246Z,BTC-USD,bid,14310.4,0.0001,227.0500000000,14423.9250000000
2023-08-31T23:06:52.015267Z,BTC-USD,ask,14537.45,0.0001,227.0500000000,14423.9250000000
2023-08-31T23:06:54.078217Z,BTC-USD,bid,14135.08,0.0001,55.1900000000,14162.6750000000
2023-08-31T23:06:57.349821Z,BTC-USD,ask,14190.27,0.0001,55.1900000000,14162.6750000000
2023-08-31T23:07:02.418542Z,BTC-USD,bid,13937.76,0.0001,613.1800000000,14244.3500000000
2023-08-31T23:07:02.757930Z,BTC-USD,ask,14550.94,0.0001,613.1800000000,14244.3500000000
2023-08-31T23:07:05.623758Z,BTC-USD,bid,13974.1,0.0001,265.3200000000,14106.7600000000
2023-08-31T23:07:08.236834Z,BTC-USD,ask,14239.42,0.0001,265.3200000000,14106.7600000000
2023-08-31T23:07:11.307211Z,BTC-USD,bid,14021.16,0.0001,298.1600000000,14170.2400000000
2023-08-31T23:07:10.239070Z,BTC-USD,ask,14319.32,0.0001,298.1600000000,14170.2400000000
2023-08-31T23:07:13.809109Z,BTC-USD,bid,13944.58,0.0001,271.1700000000,14080.1650000000
2023-08-31T23:07:13.903509Z,BTC-USD,ask,14215.75,0.0001,271.1700000000,14080.1650000000
2023-08-31T23:07:21.238334Z,BTC-USD,bid,14052.87,0.0001,77.1600000000,14091.4500000000
2023-08-31T23:07:21.632751Z,BTC-USD,ask,14130.03,0.0001,77.1600000000,14091.4500000000
2023-08-31T23:07:28.572990Z,BTC-USD,bid,13906.21,8.352e-05,322.4400000000,14067.4300000000
2023-08-31T23:07:24.298987Z,BTC-USD,ask,14228.65,0.0001,322.4400000000,14067.4300000000
2023-08-31T23:07:29.906892Z,BTC-USD,bid,13643.93,8.493e-05,820.1200000000,14053.9900000000
2023-08-31T23:07:30.237140Z,BTC-USD,ask,14464.05,9.495e-05,820.1200000000,14053.9900000000
2023-08-31T23:07:38.632256Z,BTC-USD,bid,14092.35,0.0001,478.4500000000,14331.5750000000
2023-08-31T23:07:38.298940Z,BTC-USD,ask,14570.8,0.0001,478.4500000000,14331.5750000000
2023-08-31T23:07:40.970925Z,BTC-USD,bid,14036.45,0.0001,135.1900000000,14104.0450000000
2023-08-31T23:07:41.965604Z,BTC-USD,ask,14171.64,0.0001,135.1900000000,14104.0450000000
2023-08-31T23:07:45.309981Z,BTC-USD,bid,14015.94,0.0001,96.7100000000,14064.2950000000
2023-08-31T23:07:44.350563Z,BTC-USD,ask,14112.65,0.0001,96.7100000000,14064.2950000000
2023-08-31T23:07:52.583846Z,BTC-USD,bid,13993.97,0.0001,199.3700000000,14093.6550000000
2023-08-31T23:07:52.641731Z,BTC-USD,ask,14193.34,0.0001,199.3700000000,14093.6550000000
2023-08-31T23:07:54.854115Z,BTC-USD,bid,13952.95,0.0001,422.5400000000,14164.2200000000
2023-08-31T23:07:55.856987Z,BTC-USD,ask,14375.49,0.0001,422.5400000000,14164.2200000000
2023-08-31T23:07:59.247243Z,BTC-USD,bid,14087.17,0.0001,121.0000000000,14147.6700000000
2023-08-31T23:08:03.289271Z,BTC-USD,ask,14208.17,0.0001,121.0000000000,14147.6700000000
2023-08-31T23:08:04.958756Z,BTC-USD,bid,14095.55,0.0001,155.5800000000,14173.3400000000
2023-08-31T23:08:05.251314Z,BTC-USD,ask,14251.13,0.0001,155.5800000000,14173.3400000000
2023-08-31T23:08:09.244639Z,BTC-USD,bid,14135.8,0.0001,204.4600000000,14238.0300000000
2023-08-31T23:08:12.634639Z,BTC-USD,ask,14340.26,0.0001,204.4600000000,14238.0300000000
2023-08-31T23:08:16.579608Z,BTC-USD,bid,13892.86,0.0001,372.4600000000,14079.0900000000
2023-08-31T23:08:15.904652Z,BTC-USD,ask,14265.32,0.0001,372.4600000000,14079.0900000000
2023-08-31T23:08:20.903943Z,BTC-USD,bid,13810.11,0.0001,856.2900000000,14238.2550000000
2023-08-31T23:08:20.571685Z,BTC-USD,ask,14666.4,0.0001,856.2900000000,14238.2550000000
2023-08-31T23:08:26.690033Z,BTC-USD,bid,13913.66,0.0001,368.2800000000,14097.8000000000
2023-08-31T23:08:24.638998Z,BTC-USD,ask,14281.94,0.0001,368.2800000000,14097.8000000000
2023-08-31T23:08:33.684837Z,BTC-USD,bid,14076.97,0.0001,177.0700000000,14165.5050000000
2023-08-31T23:08:32.905867Z,BTC-USD,ask,14254.04,0.0001,177.0700000000,14165.5050000000
2023-08-31T23:08:37.306036Z,BTC-USD,bid,14135.74,0.0001,223.9000000000,14247.6900000000
2023-08-31T23:08:34.308398Z,BTC-USD,ask,14359.64,0.0001,223.9000000000,14247.6900000000
2023-08-31T23:08:40.309326Z,BTC-USD,bid,14082.8,0.0001,230.5200000000,14198.0600000000
2023-08-31T23:08:39.573839Z,BTC-USD,ask,14313.32,0.0001,230.5200000000,14198.0600000000
2023-08-31T23:08:43.913783Z,BTC-USD,bid,14121.7,0.0001,139.8600000000,14191.6300000000
2023-08-31T23:08:48.623099Z,BTC-USD,ask,14261.56,0.0001,139.8600000000,14191.6300000000
2023-08-31T23:08:51.580259Z,BTC-USD,bid,14081.03,0.0001,58.1900000000,14110.1250000000
2023-08-31T23:08:50.747712Z,BTC-USD,ask,14139.22,0.0001,58.1900000000,14110.1250000000
2023-08-31T23:08:56.306449Z,BTC-USD,bid,14099.85,0.0001,28.0100000000,14113.8550000000
2023-08-31T23:08:56.413678Z,BTC-USD,ask,14127.86,0.0001,28.0100000000,14113.8550000000
2023-08-31T23:08:59.246634Z,BTC-USD,bid,13857.86,8.95e-05,486.2200000000,14100.9700000000
2023-08-31T23:09:01.750489Z,BTC-USD,ask,14344.08,0.0001,486.2200000000,14100.9700000000
2023-08-31T23:09:04.747707Z,BTC-USD,bid,14080.51,0.0001,93.7800000000,14127.4000000000
2023-08-31T23:09:05.970216Z,BTC-USD,ask,14174.29,0.0001,93.7800000000,14127.4000000000
2023-08-31T23:09:09.913659Z,BTC-USD,bid,13792.5,0.0001,428.2400000000,14006.6200000000
2023-08-31T23:09:10.083871Z,BTC-USD,ask,14220.74,0.0001,428.2400000000,14006.6200000000
2023-08-31T23:09:16.970137Z,BTC-USD,bid,14101.27,0.0001,,
,,,,,,
,,,,,,
,,,,,,
,,,,,,
,,,,,,
2023-08-31T23:09:20.635953Z,BTC-USD,bid,14079.7,0.0001,94.4300000000,14126.9150000000
2023-08-31T23:09:22.023195Z,BTC-USD,ask,14174.13,0.0001,94.4300000000,14126.9150000000
2023-08-31T23:09:26.636108Z,BTC-USD,bid,13870.35,0.0001,739.7000000000,14240.2000000000
2023-08-31T23:09:26.970563Z,BTC-USD,ask,14610.05,0.0001,739.7000000000,14240.2000000000
2023-08-31T23:09:33.479618Z,BTC-USD,bid,13827.85,0.0001,536.0500000000,14095.8750000000
2023-08-31T23:09:32.353705Z,BTC-USD,ask,14363.9,0.0001,536.0500000000,14095.8750000000
2023-08-31T23:09:34.302169Z,BTC-USD,bid,14160.21,0.0001,165.3800000000,14242.9000000000
2023-08-31T23:09:35.975672Z,BTC-USD,ask,14325.59,0.0001,165.3800000000,14242.9000000000
2023-08-31T23:09:43.747271Z,BTC-USD,bid,13957.74,0.0001,320.5900000000,14118.0350000000
2023-08-31T23:09:40.353608Z,BTC-USD,ask,14278.33,0.0001,320.5900000000,14118.0350000000
2023-08-31T23:09:47.914471Z,BTC-USD,bid,14177.21,0.0001,127.3800000000,14240.9000000000
2023-08-31T23:09:47.582934Z,BTC-USD,ask,14304.59,0.0001,127.3800000000,14240.9000000000
2023-08-31T23:09:49.242437Z,BTC-USD,bid,13796.55,0.0001,538.7400000000,14065.9200000000
2023-08-31T23:09:49.080293Z,BTC-USD,ask,14335.29,0.0001,538.7400000000,14065.9200000000
2023-08-31T23:09:54.908383Z,BTC-USD,bid,14232.89,0.0001,354.4100000000,14410.0950000000
2023-08-31T23:09:55.239965Z,BTC-USD,ask,14587.3,0.0001,354.4100000000,14410.0950000000
2023-08-31T23:10:01.915023Z,BTC-USD,bid,14255.41,0.0001,118.9700000000,14314.8950000000
2023-08-31T23:10:02.753187Z,BTC-USD,ask,14374.38,0.0001,118.9700000000,14314.8950000000
2023-08-31T23:35:38.792437Z,BTC-USD,bid,15728.39,0.0001,151.7700000000,15804.2750000000
2023-08-31T23:35:38.944940Z,BTC-USD,ask,15880.16,0.0001,151.7700000000,15804.2750000000
2023-08-31T23:35:42.276971Z,BTC-USD,bid,15778.08,0.0001,79.8400000000,15818.0000000000
2023-08-31T23:35:44.457885Z,BTC-USD,ask,15857.92,8.71e-05,79.8400000000,15818.0000000000
2023-08-31T23:35:45.449344Z,BTC-USD,bid,15728.45,0.0001,146.6100000000,15801.7550000000
2023-08-31T23:35:47.455669Z,BTC-USD,ask,15875.06,8.71e-05,146.6100000000,15801.7550000000
2023-08-31T23:35:54.278391Z,BTC-USD,bid,15817.38,0.0001,71.8300000000,15853.2950000000
2023-08-31T23:35:53.116250Z,BTC-USD,ask,15889.21,0.0001,71.8300000000,15853.2950000000
2023-08-31T23:35:56.451198Z,BTC-USD,bid,15721.89,0.0001,163.5800000000,15803.6800000000
2023-08-31T23:35:57.617007Z,BTC-USD,ask,15885.47,0.0001,163.5800000000,15803.6800000000
2023-08-31T23:36:02.944931Z,BTC-USD,bid,15279.01,0.0001,968.5400000000,15763.2800000000
2023-08-31T23:36:03.277104Z,BTC-USD,ask,16247.55,0.0001,968.5400000000,15763.2800000000
2023-08-31T23:36:07.608154Z,BTC-USD,bid,15858.77,0.0001,242.9600000000,15980.2500000000
2023-08-31T23:36:07.940489Z,BTC-USD,ask,16101.73,0.0001,242.9600000000,15980.2500000000
2023-08-31T23:36:14.225652Z,BTC-USD,bid,15680.69,0.0001,182.1700000000,15771.7750000000
2023-08-31T23:36:11.991255Z,BTC-USD,ask,15862.86,0.0001,182.1700000000,15771.7750000000
2023-08-31T23:36:17.943620Z,BTC-USD,bid,15647.91,9.044e-05,342.6400000000,15819.2300000000
2023-08-31T23:36:18.724062Z,BTC-USD,ask,15990.55,0.0001,342.6400000000,15819.2300000000
2023-08-31T23:36:20.946185Z,BTC-USD,bid,15681.79,9.494e-05,202.0300000000,15782.8050000000
2023-08-31T23:36:20.275790Z,BTC-USD,ask,15883.82,9.646e-05,202.0300000000,15782.8050000000
2023-08-31T23:36:28.392033Z,BTC-USD,bid,15876.95,0.0001,126.2100000000,15940.0550000000
2023-08-31T23:36:29.059888Z,BTC-USD,ask,16003.16,0.0001,126.2100000000,15940.0550000000
2023-08-31T23:36:30.279779Z,BTC-USD,bid,15761.33,0.0001,305.9200000000,15914.2900000000
2023-08-31T23:36:30.221592Z,BTC-USD,ask,16067.25,0.0001,305.9200000000,15914.2900000000
2023-08-31T23:36:38.675724Z,BTC-USD,bid,15744.49,0.0001,209.7100000000,15849.3450000000
2023-08-31T23:36:35.946704Z,BTC-USD,ask,15954.2,0.0001,209.7100000000,15849.3450000000
2023-08-31T23:36:42.326297Z,BTC-USD,bid,15776.45,0.0001,246.8700000000,15899.8850000000
2023-08-31T23:36:41.194096Z,BTC-USD,ask,16023.32,0.0001,246.8700000000,15899.8850000000
2023-08-31T23:36:49.117008Z,BTC-USD,bid,15633.48,0.0001,316.7600000000,15791.8600000000
2023-08-31T23:36:44.888578Z,BTC-USD,ask,15950.24,0.0001,316.7600000000,15791.8600000000
2023-08-31T23:36:50.001059Z,BTC-USD,bid,15760.26,0.0001,165.5900000000,15843.0550000000
2023-08-31T23:36:53.458573Z,BTC-USD,ask,15925.85,9.133e-05,165.5900000000,15843.0550000000
2023-08-31T23:36:59.530281Z,BTC-USD,bid,15722.96,0.0001,461.1500000000,15953.5350000000
2023-08-31T23:36:59.608761Z,BTC-USD,ask,16184.11,0.0001,461.1500000000,15953.5350000000
2023-08-31T23:37:00.223909Z,BTC-USD,bid,15526.14,0.0001,289.5800000000,15670.9300000000
2023-08-31T23:37:02.943127Z,BTC-USD,ask,15815.72,0.0001,289.5800000000,15670.9300000000
2023-08-31T23:37:07.527346Z,BTC-USD,bid,15635.26,0.0001,120.1600000000,15695.3400000000
2023-08-31T23:37:07.194300Z,BTC-USD,ask,15755.42,0.0001,120.1600000000,15695.3400000000
2023-08-31T23:37:12.279314Z,BTC-USD,bid,15771.98,0.0001,141.7300000000,15842.8450000000
2023-08-31T23:37:11.945752Z,BTC-USD,ask,15913.71,0.0001,141.7300000000,15842.8450000000
2023-08-31T23:37:18.224530Z,BTC-USD,bid,15688.41,0.0001,126.5200000000,15751.6700000000
2023-08-31T23:37:18.393508Z,BTC-USD,ask,15814.93,0.0001,126.5200000000,15751.6700000000
2023-08-31T23:37:21.726747Z,BTC-USD,bid,15779.45,0.0001,154.4800000000,15856.6900000000
2023-08-31T23:37:21.117301Z,BTC-USD,ask,15933.93,0.0001,154.4800000000,15856.6900000000
2023-08-31T23:37:27.785202Z,BTC-USD,bid,15680.37,0.0001,138.5700000000,15749.6550000000
2023-08-31T23:37:27.530434Z,BTC-USD,ask,15818.94,0.0001,138.5700000000,15749.6550000000
2023-08-31T23:37:29.678519Z,BTC-USD,bid,15715.98,0.0001,28.1700000000,15730.0650000000
2023-08-31T23:37:30.345402Z,BTC-USD,ask,15744.15,0.0001,28.1700000000,15730.0650000000
2023-08-31T23:37:35.280503Z,BTC-USD,bid,15485.05,0.0001,569.5700000000,15769.8350000000
2023-08-31T23:37:34.948850Z,BTC-USD,ask,16054.62,0.0001,569.5700000000,15769.8350000000
2023-08-31T23:37:43.010527Z,BTC-USD,bid,15691.54,0.0001,63.8100000000,15723.4450000000
2023-08-31T23:37:42.342974Z,BTC-USD,ask,15755.35,0.0001,63.8100000000,15723.4450000000
2023-08-31T23:37:47.118825Z,BTC-USD,bid,15719.1,0.0001,60.5100000000,15749.3550000000
2023-08-31T23:37:46.008048Z,BTC-USD,ask,15779.61,0.0001,60.5100000000,15749.3550000000
2023-08-31T23:37:53.007196Z,BTC-USD,bid,15726.93,0.0001,22.1600000000,15738.0100000000
2023-08-31T23:37:53.560439Z,BTC-USD,ask,15749.09,0.0001,22.1600000000,15738.0100000000
2023-08-31T23:37:57.277459Z,BTC-USD,bid,15703.72,0.0001,44.3400000000,15725.8900000000
2023-08-31T23:37:56.185156Z,BTC-USD,ask,15748.06,0.0001,44.3400000000,15725.8900000000
2023-08-31T23:38:03.729284Z,BTC-USD,bid,15660.49,0.0001,79.8300000000,15700.4050000000
2023-08-31T23:38:01.278517Z,BTC-USD,ask,15740.32,0.0001,79.8300000000,15700.4050000000
2023-08-31T23:38:05.394070Z,BTC-USD,bid,15402.41,0.0001,410.8400000000,15607.8300000000
2023-08-31T23:38:05.060802Z,BTC-USD,ask,15813.25,0.0001,410.8400000000,15607.8300000000
2023-08-31T23:38:13.398212Z,BTC-USD,bid,15200.66,0.0001,1023.5100000000,15712.4150000000
2023-08-31T23:38:13.061158Z,BTC-USD,ask,16224.17,0.0001,1023.5100000000,15712.4150000000
2023-08-31T23:38:19.061012Z,BTC-USD,bid,15175.71,0.0001,736.6100000000,15544.0150000000
2023-08-31T23:38:17.196753Z,BTC-USD,ask,15912.32,0.0001,736.6100000000,15544.0150000000
2023-08-31T23:38:22.122262Z,BTC-USD,bid,15857.91,0.0001,24.0700000000,15869.9450000000
2023-08-31T23:38:20.455974Z,BTC-USD,ask,15881.98,0.0001,24.0700000000,15869.9450000000
2023-08-31T23:38:26.950451Z,BTC-USD,bid,15605.15,0.0001,,
,,,,,,
,,,,,,
,,,,,,
,,,,,,
,,,,,,
2023-08-31T23:38:34.619488Z,BTC-USD,bid,15703.44,0.0001,287.9400000000,15847.4100000000
2023-08-31T23:38:31.680165Z,BTC-USD,ask,15991.38,0.0001,287.9400000000,15847.4100000000
2023-08-31T23:38:36.994349Z,BTC-USD,bid,15801.73,0.0001,126.1500000000,15864.8050000000
2023-08-31T23:38:35.557468Z,BTC-USD,ask,15927.88,0.0001,126.1500000000,15864.8050000000
2023-08-31T23:38:39.947846Z,BTC-USD,bid,15780.11,0.0001,168.1300000000,15864.1750000000
2023-08-31T23:38:40.282100Z,BTC-USD,ask,15948.24,0.0001,168.1300000000,15864.1750000000
2023-08-31T23:38:45.786340Z,BTC-USD,bid,15800.36,0.0001,206.8900000000,15903.8050000000
2023-08-31T23:38:46.815162Z,BTC-USD,ask,16007.25,0.0001,206.8900000000,15903.8050000000
2023-08-31T23:38:53.612738Z,BTC-USD,bid,15495.5,0.0001,496.1400000000,15743.5700000000
2023-08-31T23:38:52.007620Z,BTC-USD,ask,15991.64,0.0001,496.1400000000,15743.5700000000
2023-08-31T23:38:57.065869Z,BTC-USD,bid,15889.8,0.0001,62.1600000000,15920.8800000000
2023-08-31T23:38:55.282725Z,BTC-USD,ask,15951.96,0.0001,62.1600000000,15920.8800000000
2023-08-31T23:39:02.063807Z,BTC-USD,bid,15888.37,0.0001,388.6900000000,16082.7150000000
2023-08-31T23:39:04.062475Z,BTC-USD,ask,16277.06,0.0001,388.6900000000,16082.7150000000
2023-08-31T23:39:09.679932Z,BTC-USD,bid,15696.11,0.0001,414.9900000000,15903.6050000000
2023-08-31T23:39:05.948660Z,BTC-USD,ask,16111.1,9.428e-05,414.9900000000,15903.6050000000
2023-08-31T23:39:12.567438Z,BTC-USD,bid,15880.62,0.0001,91.0200000000,15926.1300000000
2023-08-31T23:39:13.454078Z,BTC-USD,ask,15971.64,0.0001,91.0200000000,15926.1300000000
2023-08-31T23:39:15.346862Z,BTC-USD,bid,15818.09,0.0001,69.3700000000,15852.7750000000
2023-08-31T23:39:17.864425Z,BTC-USD,ask,15887.46,0.0001,69.3700000000,15852.7750000000
2023-08-31T23:39:24.329580Z,BTC-USD,bid,15712.62,0.0001,197.4700000000,15811.3550000000
2023-08-31T23:39:19.853522Z,BTC-USD,ask,15910.09,0.0001,197.4700000000,15811.3550000000
2023-08-31T23:39:28.996151Z,BTC-USD,bid,15253.06,0.0001,617.9900000000,15562.0550000000
2023-08-31T23:39:26.616399Z,BTC-USD,ask,15871.05,0.0001,617.9900000000,15562.0550000000
2023-08-31T23:39:31.339043Z,BTC-USD,bid,15710.38,0.0001,129.3200000000,15775.0400000000
2023-08-31T23:39:32.949181Z,BTC-USD,ask,15839.7,0.0001,129.3200000000,15775.0400000000
2023-08-31T23:39:37.009554Z,BTC-USD,bid,25763.44,0.0001,-9787.3200000000,20869.7800000000
2023-08-31T23:39:34.786665Z,BTC-USD,ask,15976.12,0.0001,-9787.3200000000,20869.7800000000
2023-08-31T23:39:44.522321Z,BTC-USD,bid,25133.42,0.0001,-911.6900000000,24677.5750000000
2023-08-31T23:39:41.011534Z,BTC-USD,ask,24221.73,0.0001,-911.6900000000,24677.5750000000
2023-08-31T23:39:47.893603Z,BTC-USD,bid,24801.15,0.0001,576.8300000000,25089.5650000000
2023-08-31T23:39:45.559970Z,BTC-USD,ask,25377.98,0.0001,576.8300000000,25089.5650000000
2023-08-31T23:39:52.011812Z,BTC-USD,bid,24691.92,0.0001,695.8000000000,25039.8200000000
2023-08-31T23:39:52.343966Z,BTC-USD,ask,25387.72,0.0001,695.8000000000,25039.8200000000
2023-08-31T23:39:56.396488Z,BTC-USD,bid,24890.06,0.0001,193.3800000000,24986.7500000000
2023-08-31T23:39:55.065680Z,BTC-USD,ask,25083.44,0.0001,193.3800000000,24986.7500000000
2023-08-31T23:40:02.285527Z,BTC-USD,bid,24920.33,0.0001,232.1300000000,25036.3950000000
2023-08-31T23:40:00.618916Z,BTC-USD,ask,25152.46,0.0001,232.1300000000,25036.3950000000
2023-08-31T23:40:08.286814Z,BTC-USD,bid,24901.34,0.0001,331.6300000000,25067.1550000000
2023-08-31T23:40:04.857486Z,BTC-USD,ask,25232.97,0.0001,331.6300000000,25067.1550000000
2023-08-31T23:40:11.522109Z,BTC-USD,bid,25027.95,0.0001,37.3400000000,25046.6200000000
2023-08-31T23:40:12.532324Z,BTC-USD,ask,25065.29,0.0001,37.3400000000,25046.6200000000
2023-08-31T23:40:17.397535Z,BTC-USD,bid,25039.17,0.0001,129.5600000000,25103.9500000000
2023-08-31T23:40:18.020181Z,BTC-USD,ask,25168.73,0.0001,129.5600000000,25103.9500000000
2023-08-31T23:40:22.281771Z,BTC-USD,bid,24919.01,0.0001,337.8100000000,25087.9150000000
2023-08-31T23:40:22.623536Z,BTC-USD,ask,25256.82,0.0001,337.8100000000,25087.9150000000
2023-08-31T23:40:25.282787Z,BTC-USD,bid,24881.31,0.0001,367.1600000000,25064.8900000000
2023-08-31T23:40:25.799252Z,BTC-USD,ask,25248.47,0.0001,367.1600000000,25064.8900000000
2023-08-31T23:40:31.828249Z,BTC-USD,bid,24849.62,0.0001,463.6900000000,25081.4650000000
2023-08-31T23:40:30.014095Z,BTC-USD,ask,25313.31,0.0001,463.6900000000,25081.4650000000
2023-08-31T23:40:37.867465Z,BTC-USD,bid,23964.48,0.0001,1024.1600000000,24476.5600000000
2023-08-31T23:40:36.895068Z,BTC-USD,ask,24988.64,0.0001,1024.1600000000,24476.5600000000
2023-08-31T23:40:40.997987Z,BTC-USD,bid,24871.15,0.0001,33.9100000000,24888.1050000000
2023-08-31T23:40:41.949217Z,BTC-USD,ask,24905.06,0.0001,33.9100000000,24888.1050000000
2023-08-31T23:40:46.060555Z,BTC-USD,bid,24677.25,0.0001,283.6300000000,24819.0650000000
2023-08-31T23:40:48.739959Z,BTC-USD,ask,24960.88,0.0001,283.6300000000,24819.0650000000
2023-08-31T23:40:51.064475Z,BTC-USD,bid,24767.5,0.0001,478.8100000000,25006.9050000000
2023-08-31T23:40:53.282574Z,BTC-USD,ask,25246.31,9.921e-05,478.8100000000,25006.9050000000
2023-08-31T23:40:58.950897Z,BTC-USD,bid,24802.73,0.0001,318.9200000000,24962.1900000000
2023-08-31T23:40:55.523672Z,BTC-USD,ask,25121.65,0.0001,318.9200000000,24962.1900000000
2023-08-31T23:41:01.532908Z,BTC-USD,bid,24674.31,0.0001,550.5700000000,24949.5950000000
2023-08-31T23:41:03.683152Z,BTC-USD,ask,25224.88,0.0001,550.5700000000,24949.5950000000
2023-08-31T23:41:04.865019Z,BTC-USD,bid,24235.25,0.0001,759.0500000000,24614.7750000000
2023-08-31T23:41:05.066574Z,BTC-USD,ask,24994.3,0.0001,759.0500000000,24614.7750000000
2023-08-31T23:41:11.617791Z,BTC-USD,bid,24721.11,0.0001,291.9900000000,24867.1050000000
2023-08-31T23:41:13.789825Z,BTC-USD,ask,25013.1,0.0001,291.9900000000,24867.1050000000
2023-08-31T23:41:16.014885Z,BTC-USD,bid,24811.32,0.0001,216.2700000000,24919.4550000000
2023-08-31T23:41:18.201126Z,BTC-USD,ask,25027.59,0.0001,216.2700000000,24919.4550000000
2023-08-31T23:41:23.285624Z,BTC-USD,bid,24831.94,0.0001,206.9100000000,24935.3950000000
2023-08-31T23:41:22.617381Z,BTC-USD,ask,25038.85,0.0001,206.9100000000,24935.3950000000
2023-08-31T23:41:24.900182Z,BTC-USD,bid,24895.57,0.0001,501.3400000000,25146.2400000000
2023-08-31T23:41:26.616620Z,BTC-USD,ask,25396.91,0.0001,501.3400000000,25146.2400000000
2023-08-31T23:46:11.900819Z,BTC-USD,bid,24639.02,0.0001,275.8600000000,24776.9500000000
2023-08-31T23:46:12.240547Z,BTC-USD,ask,24914.88,0.0001,275.8600000000,24776.9500000000
2023-08-31T23:46:17.290901Z,BTC-USD,bid,24541.9,9.306e-05,441.0900000000,24762.4450000000
2023-08-31T23:46:12.958307Z,BTC-USD,ask,24982.99,0.0001,441.0900000000,24762.4450000000
2023-08-31T23:46:20.956391Z,BTC-USD,bid,24627.28,0.0001,243.9000000000,24749.2300000000
2023-08-31T23:46:18.289972Z,BTC-USD,ask,24871.18,9.658e-05,243.9000000000,24749.2300000000
2023-08-31T23:46:24.073053Z,BTC-USD,bid,24396.29,0.0001,746.4000000000,24769.4900000000
2023-08-31T23:46:25.696648Z,BTC-USD,ask,25142.69,0.0001,746.4000000000,24769.4900000000
2023-08-31T23:46:31.694155Z,BTC-USD,bid,24855.23,0.0001,132.0600000000,24921.2600000000
2023-08-31T23:46:29.020098Z,BTC-USD,ask,24987.29,0.0001,132.0600000000,24921.2600000000
2023-08-31T23:46:33.354312Z,BTC-USD,bid,23976.6,0.0001,895.8400000000,24424.5200000000
2023-08-31T23:46:33.146964Z,BTC-USD,ask,24872.44,9.658e-05,895.8400000000,24424.5200000000
2023-08-31T23:46:39.212677Z,BTC-USD,bid,24710.53,0.0001,844.5100000000,25132.7850000000
2023-08-31T23:46:40.353441Z,BTC-USD,ask,25555.04,0.0001,844.5100000000,25132.7850000000
2023-08-31T23:46:45.291408Z,BTC-USD,bid,24618.67,0.0001,171.6300000000,24704.4850000000
2023-08-31T23:46:45.957106Z,BTC-USD,ask,24790.3,0.0001,171.6300000000,24704.4850000000
2023-08-31T23:46:51.146847Z,BTC-USD,bid,24533.48,0.0001,451.9000000000,24759.4300000000
2023-08-31T23:46:51.688381Z,BTC-USD,ask,24985.38,0.0001,451.9000000000,24759.4300000000
2023-08-31T23:46:54.296124Z,BTC-USD,bid,24812.93,0.0001,342.6200000000,24984.2400000000
2023-08-31T23:46:54.206154Z,BTC-USD,ask,25155.55,0.0001,342.6200000000,24984.2400000000
2023-08-31T23:47:02.675084Z,BTC-USD,bid,24758.28,0.0001,933.1900000000,25224.8750000000
2023-08-31T23:47:00.291799Z,BTC-USD,ask,25691.47,0.0001,933.1900000000,25224.8750000000
2023-08-31T23:47:03.007554Z,BTC-USD,bid,24635.16,0.0001,749.9000000000,25010.1100000000
2023-08-31T23:47:05.464159Z,BTC-USD,ask,25385.06,0.0001,749.9000000000,25010.1100000000
2023-08-31T23:47:09.353906Z,BTC-USD,bid,24653.85,0.0001,597.2800000000,24952.4900000000
2023-08-31T23:47:09.689213Z,BTC-USD,ask,25251.13,0.0001,597.2800000000,24952.4900000000
2023-08-31T23:47:15.905595Z,BTC-USD,bid,24820.23,0.0001,110.5100000000,24875.4850000000
2023-08-31T23:47:15.008378Z,BTC-USD,ask,24930.74,0.0001,110.5100000000,24875.4850000000
2023-08-31T23:47:19.354425Z,BTC-USD,bid,24727.94,0.0001,134.0700000000,24794.9750000000
2023-08-31T23:47:18.353994Z,BTC-USD,ask,24862.01,0.0001,134.0700000000,24794.9750000000
2023-08-31T23:47:25.958678Z,BTC-USD,bid,24704.8,0.0001,522.2800000000,24965.9400000000
2023-08-31T23:47:23.408572Z,BTC-USD,ask,25227.08,0.0001,522.2800000000,24965.9400000000
2023-08-31T23:47:32.688584Z,BTC-USD,bid,24918.77,0.0001,142.6700000000,24990.1050000000
2023-08-31T23:47:30.075879Z,BTC-USD,ask,25061.44,0.0001,142.6700000000,24990.1050000000
2023-08-31T23:47:37.355005Z,BTC-USD,bid,24627.73,0.0001,426.2700000000,24840.8650000000
2023-08-31T23:47:33.624704Z,BTC-USD,ask,25054.0,0.0001,426.2700000000,24840.8650000000
2023-08-31T23:47:40.689448Z,BTC-USD,bid,24755.65,0.0001,44.9300000000,24778.1150000000
2023-08-31T23:47:42.025827Z,BTC-USD,ask,24800.58,0.0001,44.9300000000,24778.1150000000
2023-08-31T23:47:43.690442Z,BTC-USD,bid,24708.29,0.0001,495.7900000000,24956.1850000000
2023-08-31T23:47:42.741663Z,BTC-USD,ask,25204.08,0.0001,495.7900000000,24956.1850000000
2023-08-31T23:47:52.207136Z,BTC-USD,bid,24733.21,0.0001,86.5100000000,24776.4650000000
2023-08-31T23:47:50.356420Z,BTC-USD,ask,24819.72,0.0001,86.5100000000,24776.4650000000
2023-08-31T23:47:57.238189Z,BTC-USD,bid,24838.09,0.0001,96.5000000000,24886.3400000000
2023-08-31T23:47:56.240358Z,BTC-USD,ask,24934.59,0.0001,96.5000000000,24886.3400000000
2023-08-31T23:48:02.216674Z,BTC-USD,bid,24235.11,0.0001,874.0300000000,24672.1250000000
2023-08-31T23:48:01.552822Z,BTC-USD,ask,25109.14,0.0001,874.0300000000,24672.1250000000
2023-08-31T23:48:05.904094Z,BTC-USD,bid,24987.98,0.0001,180.9200000000,25078.4400000000
2023-08-31T23:48:05.240820Z,BTC-USD,ask,25168.9,0.0001,180.9200000000,25078.4400000000
2023-08-31T23:48:08.342829Z,BTC-USD,bid,24876.98,0.0001,614.2200000000,25184.0900000000
2023-08-31T23:48:12.690369Z,BTC-USD,ask,25491.2,0.0001,614.2200000000,25184.0900000000
2023-08-31T23:48:16.409792Z,BTC-USD,bid,24951.27,0.0001,343.9400000000,25123.2400000000
2023-08-31T23:48:17.210186Z,BTC-USD,ask,25295.21,0.0001,343.9400000000,25123.2400000000
2023-08-31T23:48:21.024452Z,BTC-USD,bid,25032.78,0.0001,-30.4900000000,25017.5350000000
2023-08-31T23:48:22.209837Z,BTC-USD,ask,25002.29,0.0001,-30.4900000000,25017.5350000000
2023-08-31T23:48:25.691593Z,BTC-USD,bid,24886.23,0.0001,136.3700000000,24954.4150000000
2023-08-31T23:48:24.691137Z,BTC-USD,ask,25022.6,0.0001,136.3700000000,24954.4150000000
2023-08-31T23:48:29.571377Z,BTC-USD,bid,24661.4,0.0001,345.0300000000,24833.9150000000
2023-08-31T23:48:29.695274Z,BTC-USD,ask,25006.43,0.0001,345.0300000000,24833.9150000000
2023-08-31T23:48:34.131974Z,BTC-USD,bid,24985.16,0.0001,265.3600000000,25117.8400000000
2023-08-31T23:48:36.238515Z,BTC-USD,ask,25250.52,0.0001,265.3600000000,25117.8400000000
2023-08-31T23:48:41.468189Z,BTC-USD,bid,24891.69,0.0001,202.7900000000,24993.0850000000
2023-08-31T23:48:42.244825Z,BTC-USD,ask,25094.48,0.0001,202.7900000000,24993.0850000000
2023-08-31T23:48:44.471604Z,BTC-USD,bid,25004.94,0.0001,17.9500000000,25013.9150000000
2023-08-31T23:48:45.466899Z,BTC-USD,ask,25022.89,0.0001,17.9500000000,25013.9150000000
2023-08-31T23:48:49.625649Z,BTC-USD,bid,24985.58,0.0001,96.8000000000,25033.9800000000
2023-08-31T23:48:51.883267Z,BTC-USD,ask,25082.38,0.0001,96.8000000000,25033.9800000000
2023-08-31T23:48:54.961069Z,BTC-USD,bid,24928.08,0.0001,272.5700000000,25064.3650000000
2023-08-31T23:48:57.549794Z,BTC-USD,ask,25200.65,0.0001,272.5700000000,25064.3650000000
2023-08-31T23:48:58.295963Z,BTC-USD,bid,25089.04,0.0001,315.8700000000,25246.9750000000
2023-08-31T23:48:59.574958Z,BTC-USD,ask,25404.91,0.0001,315.8700000000,25246.9750000000
2023-08-31T23:49:05.024533Z,BTC-USD,bid,25114.83,0.0001,380.2800000000,25304.9700000000
2023-08-31T23:49:03.677781Z,BTC-USD,ask,25495.11,0.0001,380.2800000000,25304.9700000000
2023-08-31T23:49:08.687179Z,BTC-USD,bid,24972.22,0.0001,127.3100000000,25035.8750000000
2023-08-31T23:49:08.624982Z,BTC-USD,ask,25099.53,0.0001,127.3100000000,25035.8750000000
2023-08-31T23:49:14.024067Z,BTC-USD,bid,24782.69,0.0001,271.7900000000,24918.5850000000
2023-08-31T23:49:14.241995Z,BTC-USD,ask,25054.48,0.0001,271.7900000000,24918.5850000000
2023-08-31T23:49:21.215439Z,BTC-USD,bid,24988.07,0.0001,343.2900000000,25159.7150000000
2023-08-31T23:49:21.295866Z,BTC-USD,ask,25331.36,9.71e-05,343.2900000000,25159.7150000000
2023-08-31T23:49:23.745397Z,BTC-USD,bid,25072.45,0.0001,258.9100000000,25201.9050000000
2023-08-31T23:49:27.626739Z,BTC-USD,ask,25331.36,8.817e-05,258.9100000000,25201.9050000000
2023-08-31T23:49:29.961257Z,BTC-USD,bid,24739.16,9.186e-05,403.5400000000,24940.9300000000
2023-08-31T23:49:28.694474Z,BTC-USD,ask,25142.7,0.0001,403.5400000000,24940.9300000000
2023-08-31T23:49:33.543428Z,BTC-USD,bid,25083.42,0.0001,254.7500000000,25210.7950000000
2023-08-31T23:49:33.876129Z,BTC-USD,ask,25338.17,0.0001,254.7500000000,25210.7950000000
2023-08-31T23:49:38.803180Z,BTC-USD,bid,25019.53,0.0001,261.1100000000,25150.0850000000
2023-08-31T23:49:38.135581Z,BTC-USD,ask,25280.64,0.0001,261.1100000000,25150.0850000000
2023-08-31T23:49:46.360678Z,BTC-USD,bid,25056.89,0.0001,679.2400000000,25396.5100000000
2023-08-31T23:49:44.802526Z,BTC-USD,ask,25736.13,0.0001,679.2400000000,25396.5100000000
2023-08-31T23:49:50.692841Z,BTC-USD,bid,24663.7,0.0001,588.4800000000,24957.9400000000
2023-08-31T23:49:52.692165Z,BTC-USD,ask,25252.18,0.0001,588.4800000000,24957.9400000000
2023-08-31T23:49:53.359584Z,BTC-USD,bid,25052.83,0.0001,100.5700000000,25103.1150000000
2023-08-31T23:49:54.691707Z,BTC-USD,ask,25153.4,0.0001,100.5700000000,25103.1150000000
2023-08-31T23:50:00.555020Z,BTC-USD,bid,24980.64,0.0001,921.3800000000,25441.3300000000
2023-08-31T23:50:01.344349Z,BTC-USD,ask,25902.02,0.0001,921.3800000000,25441.3300000000
2023-08-31T23:50:03.579920Z,BTC-USD,bid,24690.36,0.0001,615.3700000000,24998.0450000000
2023-08-31T23:50:05.217833Z,BTC-USD,ask,25305.73,0.0001,615.3700000000,24998.0450000000
2023-08-31T23:50:08.585840Z,BTC-USD,bid,24605.41,0.0001,902.7500000000,25056.7850000000
2023-08-31T23:50:08.418566Z,BTC-USD,ask,25508.16,0.0001,902.7500000000,25056.7850000000
2023-08-31T23:50:13.909457Z,BTC-USD,bid,25071.85,0.0001,86.0900000000,25114.8950000000
2023-08-31T23:50:15.885407Z,BTC-USD,ask,25157.94,0.0001,86.0900000000,25114.8950000000
2023-08-31T23:50:19.135369Z,BTC-USD,bid,25044.74,0.0001,51.2300000000,25070.3550000000
2023-08-31T23:50:22.413466Z,BTC-USD,ask,25095.97,0.0001,51.2300000000,25070.3550000000
2023-08-31T23:50:26.024837Z,BTC-USD,bid,24958.21,0.0001,503.3500000000,25209.8850000000
2023-08-31T23:50:25.468642Z,BTC-USD,ask,25461.56,0.0001,503.3500000000,25209.8850000000
2023-08-31T23:50:32.692532Z,BTC-USD,bid,24902.54,0.0001,385.7400000000,25095.4100000000
2023-08-31T23:50:30.358234Z,BTC-USD,ask,25288.28,0.0001,385.7400000000,25095.4100000000
2023-08-31T23:50:35.909491Z,BTC-USD,bid,24793.29,0.0001,433.3300000000,25009.9550000000
2023-08-31T23:50:32.963424Z,BTC-USD,ask,25226.62,0.0001,433.3300000000,25009.9550000000
2023-08-31T23:50:42.806500Z,BTC-USD,bid,25064.01,0.0001,106.4700000000,25117.2450000000
2023-08-31T23:50:39.358415Z,BTC-USD,ask,25170.48,0.0001,106.4700000000,25117.2450000000
2023-08-31T23:50:44.136284Z,BTC-USD,bid,25167.13,0.0001,114.8200000000,25224.5400000000
2023-08-31T23:50:45.471593Z,BTC-USD,ask,25281.95,0.0001,114.8200000000,25224.5400000000
2023-08-31T23:50:51.628259Z,BTC-USD,bid,24939.85,8.633e-05,508.9800000000,25194.3400000000
2023-08-31T23:50:48.345432Z,BTC-USD,ask,25448.83,0.0001,508.9800000000,25194.3400000000
2023-08-31T23:50:56.013006Z,BTC-USD,bid,24882.41,0.0001,151.4800000000,24958.1500000000
2023-08-31T23:50:53.294657Z,BTC-USD,ask,25033.89,0.0001,151.4800000000,24958.1500000000
2023-08-31T23:50:59.962206Z,BTC-USD,bid,25094.72,0.0001,601.1300000000,25395.2850000000
2023-08-31T23:50:59.630377Z,BTC-USD,ask,25695.85,8.55e-05,601.1300000000,25395.2850000000
2023-08-31T23:51:07.026981Z,BTC-USD,bid,24849.19,0.0001,805.0500000000,25251.7150000000
2023-08-31T23:51:07.545867Z,BTC-USD,ask,25654.24,0.0001,805.0500000000,25251.7150000000
2023-08-31T23:51:12.027531Z,BTC-USD,bid,24589.36,0.0001,458.7600000000,24818.7400000000
2023-08-31T23:51:12.360079Z,BTC-USD,ask,25048.12,0.0001,458.7600000000,24818.7400000000
2023-08-31T23:51:17.627614Z,BTC-USD,bid,24811.69,0.0001,713.9300000000,25168.6550000000
2023-08-31T23:51:17.416727Z,BTC-USD,ask,25525.62,0.0001,713.9300000000,25168.6550000000
2023-08-31T23:51:21.579322Z,BTC-USD,bid,25039.34,0.0001,433.9400000000,25256.3100000000
2023-08-31T23:51:22.963262Z,BTC-USD,ask,25473.28,0.0001,433.9400000000,25256.3100000000
2023-08-31T23:51:25.142531Z,BTC-USD,bid,25420.51,0.0001,22.5700000000,25431.7950000000
2023-08-31T23:51:23.631558Z,BTC-USD,ask,25443.08,0.0001,22.5700000000,25431.7950000000
2023-08-31T23:51:30.016179Z,BTC-USD,bid,25386.26,0.0001,213.4600000000,25492.9900000000
2023-08-31T23:51:31.694995Z,BTC-USD,ask,25599.72,0.0001,213.4600000000,25492.9900000000
2023-08-31T23:51:37.359587Z,BTC-USD,bid,24982.56,0.0001,505.4000000000,25235.2600000000
2023-08-31T23:51:36.693172Z,BTC-USD,ask,25487.96,0.0001,505.4000000000,25235.2600000000
2023-08-31T23:51:39.294884Z,BTC-USD,bid,25102.5,0.0001,953.7000000000,25579.3500000000
2023-08-31T23:51:39.028935Z,BTC-USD,ask,26056.2,0.0001,953.7000000000,25579.3500000000
2023-08-31T23:51:43.961384Z,BTC-USD,bid,25211.84,0.0001,490.2900000000,25456.9850000000
2023-08-31T23:51:44.628481Z,BTC-USD,ask,25702.13,0.0001,490.2900000000,25456.9850000000
2023-08-31T23:51:50.630467Z,BTC-USD,bid,25213.44,0.0001,687.3600000000,25557.1200000000
2023-08-31T23:51:52.632494Z,BTC-USD,ask,25900.8,0.0001,687.3600000000,25557.1200000000
2023-08-31T23:51:53.295100Z,BTC-USD,bid,25065.05,0.0001,314.1900000000,25222.1450000000
2023-08-31T23:51:53.962323Z,BTC-USD,ask,25379.24,0.0001,314.1900000000,25222.1450000000
2023-08-31T23:51:59.637869Z,BTC-USD,bid,24630.87,0.0001,1065.9400000000,25163.8400000000
2023-08-31T23:51:59.361552Z,BTC-USD,ask,25696.81,0.0001,1065.9400000000,25163.8400000000
2023-08-31T23:52:04.550505Z,BTC-USD,bid,25465.58,0.0001,172.4200000000,25551.7900000000
2023-08-31T23:52:05.910324Z,BTC-USD,ask,25638.0,0.0001,172.4200000000,25551.7900000000
2023-08-31T23:52:09.296537Z,BTC-USD,bid,24853.71,9.799e-05,887.4300000000,25297.4250000000
2023-08-31T23:52:10.222683Z,BTC-USD,ask,25741.14,0.0001,887.4300000000,25297.4250000000
2023-08-31T23:52:15.138243Z,BTC-USD,bid,25371.65,0.0001,1098.3500000000,25920.8250000000
2023-08-31T23:52:14.803791Z,BTC-USD,ask,26470.0,0.0001,1098.3500000000,25920.8250000000
2023-08-31T23:52:18.296880Z,BTC-USD,bid,25189.42,0.0001,188.3300000000,25283.5850000000
2023-08-31T23:52:22.139108Z,BTC-USD,ask,25377.75,0.0001,188.3300000000,25283.5850000000
2023-08-31T23:52:27.026230Z,BTC-USD,bid,25213.63,0.0001,124.0900000000,25275.6750000000
2023-08-31T23:52:26.630552Z,BTC-USD,ask,25337.72,0.0001,124.0900000000,25275.6750000000
2023-08-31T23:52:32.299683Z,BTC-USD,bid,24724.14,0.0001,1247.7300000000,25348.0050000000
2023-08-31T23:52:31.681221Z,BTC-USD,ask,25971.87,0.0001,1247.7300000000,25348.0050000000
2023-08-31T23:52:34.027737Z,BTC-USD,bid,24874.42,0.0001,1066.0200000000,25407.4300000000
2023-08-31T23:52:35.245069Z,BTC-USD,ask,25940.44,0.0001,1066.0200000000,25407.4300000000
2023-08-31T23:52:39.348828Z,BTC-USD,bid,25540.57,0.0001,223.5400000000,25652.3400000000
2023-08-31T23:52:39.015737Z,BTC-USD,ask,25764.11,0.0001,223.5400000000,25652.3400000000
2023-08-31T23:52:47.963679Z,BTC-USD,bid,25512.26,0.0001,149.4900000000,25587.0050000000
2023-08-31T23:52:44.882891Z,BTC-USD,ask,25661.75,0.0001,149.4900000000,25587.0050000000
2023-08-31T23:52:48.697739Z,BTC-USD,bid,25267.29,0.0001,524.4300000000,25529.5050000000
2023-08-31T23:52:51.703658Z,BTC-USD,ask,25791.72,0.0001,524.4300000000,25529.5050000000
2023-08-31T23:52:55.030409Z,BTC-USD,bid,24850.99,0.0001,1187.8700000000,25444.9250000000
2023-08-31T23:52:55.364404Z,BTC-USD,ask,26038.86,0.0001,1187.8700000000,25444.9250000000
2023-08-31T23:53:01.032186Z,BTC-USD,bid,25331.63,0.0001,352.5100000000,25507.8850000000
2023-08-31T23:52:58.085127Z,BTC-USD,ask,25684.14,0.0001,352.5100000000,25507.8850000000
2023-08-31T23:53:03.757670Z,BTC-USD,bid,25369.5,0.0001,209.4100000000,25474.2050000000
2023-08-31T23:53:06.364281Z,BTC-USD,ask,25578.91,0.0001,209.4100000000,25474.2050000000
2023-08-31T23:53:08.086133Z,BTC-USD,bid,25174.28,0.0001,234.7000000000,25291.6300000000
2023-08-31T23:53:11.963271Z,BTC-USD,ask,25408.98,0.0001,234.7000000000,25291.6300000000
2023-08-31T23:53:16.500716Z,BTC-USD,bid,25371.33,0.0001,149.4200000000,25446.0400000000
2023-08-31T23:53:15.696442Z,BTC-USD,ask,25520.75,0.0001,149.4200000000,25446.0400000000
2023-08-31T23:53:19.031053Z,BTC-USD,bid,25351.51,0.0001,55.3400000000,25379.1800000000
2023-08-31T23:53:19.302944Z,BTC-USD,ask,25406.85,0.0001,55.3400000000,25379.1800000000
2023-08-31T23:53:26.144452Z,BTC-USD,bid,25239.95,0.0001,407.0700000000,25443.4850000000
2023-08-31T23:53:27.964127Z,BTC-USD,ask,25647.02,0.0001,407.0700000000,25443.4850000000
2023-08-31T23:53:30.365657Z,BTC-USD,bid,25334.95,0.0001,74.8600000000,25372.3800000000
2023-08-31T23:53:30.632824Z,BTC-USD,ask,25409.81,0.0001,74.8600000000,25372.3800000000
2023-08-31T23:53:37.684051Z,BTC-USD,bid,24957.14,0.0001,1066.9500000000,25490.6150000000
2023-08-31T23:53:36.631210Z,BTC-USD,ask,26024.09,0.0001,1066.9500000000,25490.6150000000
2023-08-31T23:53:38.684162Z,BTC-USD,bid,24030.26,0.0001,1365.8100000000,24713.1650000000
2023-08-31T23:53:39.018052Z,BTC-USD,ask,25396.07,0.0001,1365.8100000000,24713.1650000000
2023-08-31T23:53:45.017904Z,BTC-USD,bid,25095.19,0.0001,724.3500000000,25457.3650000000
2023-08-31T23:53:44.684631Z,BTC-USD,ask,25819.54,0.0001,724.3500000000,25457.3650000000
2023-08-31T23:53:52.365490Z,BTC-USD,bid,25173.56,0.0001,450.4000000000,25398.7600000000
2023-08-31T23:53:49.033104Z,BTC-USD,ask,25623.96,0.0001,450.4000000000,25398.7600000000
2023-08-31T23:53:57.297864Z,BTC-USD,bid,25166.52,9.083e-05,633.1500000000,25483.0950000000
2023-08-31T23:53:56.299575Z,BTC-USD,ask,25799.67,9.93e-05,633.1500000000,25483.0950000000
2023-08-31T23:53:58.363106Z,BTC-USD,bid,25595.07,0.0001,165.3900000000,25677.7650000000
2023-08-31T23:54:00.076160Z,BTC-USD,ask,25760.46,0.0001,165.3900000000,25677.7650000000
2023-08-31T23:54:04.695804Z,BTC-USD,bid,25419.39,0.0001,591.8400000000,25715.3100000000
2023-08-31T23:54:05.030027Z,BTC-USD,ask,26011.23,0.0001,591.8400000000,25715.3100000000
2023-08-31T23:54:12.300637Z,BTC-USD,bid,24731.73,0.0001,748.6600000000,25106.0600000000
2023-08-31T23:54:12.811454Z,BTC-USD,ask,25480.39,0.0001,748.6600000000,25106.0600000000
2023-08-31T23:54:13.361600Z,BTC-USD,bid,24897.38,0.0001,275.5300000000,25035.1450000000
2023-08-31T23:54:17.139176Z,BTC-USD,ask,25172.91,0.0001,275.5300000000,25035.1450000000
2023-08-31T23:54:21.363691Z,BTC-USD,bid,24659.94,0.0001,293.6800000000,24806.7800000000
2023-08-31T23:54:20.020267Z,BTC-USD,ask,24953.62,0.0001,293.6800000000,24806.7800000000
2023-08-31T23:54:23.367786Z,BTC-USD,bid,24562.62,0.0001,1146.3100000000,25135.7750000000
2023-08-31T23:54:27.893360Z,BTC-USD,ask,25708.93,0.0001,1146.3100000000,25135.7750000000
2023-08-31T23:54:29.355435Z,BTC-USD,bid,25139.26,0.0001,177.3700000000,25227.9450000000
2023-08-31T23:54:29.018331Z,BTC-USD,ask,25316.63,0.0001,177.3700000000,25227.9450000000
2023-08-31T23:54:33.633788Z,BTC-USD,bid,24498.82,0.0001,938.9200000000,24968.2800000000
2023-08-31T23:54:33.300499Z,BTC-USD,ask,25437.74,0.0001,938.9200000000,24968.2800000000
2023-08-31T23:54:41.090096Z,BTC-USD,bid,25083.15,0.0001,401.9100000000,25284.1050000000
2023-08-31T23:54:39.251276Z,BTC-USD,ask,25485.06,0.0001,401.9100000000,25284.1050000000
2023-08-31T23:54:45.753777Z,BTC-USD,bid,25275.72,0.0001,63.8500000000,25307.6450000000
2023-08-31T23:54:45.368815Z,BTC-USD,ask,25339.57,0.0001,63.8500000000,25307.6450000000
2023-08-31T23:54:49.633985Z,BTC-USD,bid,25014.18,0.0001,993.6000000000,25510.9800000000
2023-08-31T23:54:52.032743Z,BTC-USD,ask,26007.78,0.0001,993.6000000000,25510.9800000000
2023-08-31T23:54:56.697961Z,BTC-USD,bid,25195.42,0.0001,242.3200000000,25316.5800000000
2023-08-31T23:54:58.168011Z,BTC-USD,ask,25437.74,2.413e-05,242.3200000000,25316.5800000000
2023-08-31T23:55:01.698414Z,BTC-USD,bid,24828.02,0.0001,744.1100000000,25200.0750000000
2023-08-31T23:55:01.475908Z,BTC-USD,ask,25572.13,0.0001,744.1100000000,25200.0750000000
2023-08-31T23:55:06.807162Z,BTC-USD,bid,24978.88,0.0001,421.4500000000,25189.6050000000
2023-08-31T23:55:07.374157Z,BTC-USD,ask,25400.33,0.0001,421.4500000000,25189.6050000000
2023-08-31T23:55:12.300086Z,BTC-USD,bid,25396.72,0.0001,447.1800000000,25620.3100000000
2023-08-31T23:55:12.632331Z,BTC-USD,ask,25843.9,0.0001,447.1800000000,25620.3100000000
2023-08-31T23:55:16.333165Z,BTC-USD,bid,25370.95,0.0001,59.3500000000,25400.6250000000
2023-08-31T23:55:14.019586Z,BTC-USD,ask,25430.3,0.0001,59.3500000000,25400.6250000000
2023-08-31T23:55:21.702888Z,BTC-USD,bid,25444.63,0.0001,392.6200000000,25640.9400000000
2023-08-31T23:55:18.363903Z,BTC-USD,ask,25837.25,0.0001,392.6200000000,25640.9400000000
2023-08-31T23:55:26.301810Z,BTC-USD,bid,24498.82,9.188e-05,1444.7600000000,25221.2000000000
2023-08-31T23:55:25.967258Z,BTC-USD,ask,25943.58,9.361e-05,1444.7600000000,25221.2000000000
2023-08-31T23:55:33.034438Z,BTC-USD,bid,24932.43,0.0001,359.5200000000,25112.1900000000
2023-08-31T23:55:31.384756Z,BTC-USD,ask,25291.95,0.0001,359.5200000000,25112.1900000000
2023-08-31T23:55:37.019972Z,BTC-USD,bid,25764.15,0.0001,-255.4200000000,25636.4400000000
2023-08-31T23:55:33.702573Z,BTC-USD,ask,25508.73,0.0001,-255.4200000000,25636.4400000000
2023-08-31T23:55:42.698441Z,BTC-USD,bid,24730.72,0.0001,,
,,,,,,
,,,,,,
,,,,,,
,,,,,,
,,,,,,
2023-08-31T23:55:43.755676Z,BTC-USD,bid,25672.82,0.0001,1188.1600000000,26266.9000000000
2023-08-31T23:55:43.421255Z,BTC-USD,ask,26860.98,0.0001,1188.1600000000,26266.9000000000
2023-08-31T23:55:49.038262Z,BTC-USD,bid,24697.53,0.0001,385.7400000000,24890.4000000000
2023-08-31T23:55:49.422618Z,BTC-USD,ask,25083.27,0.0001,385.7400000000,24890.4000000000
2023-08-31T23:55:55.141377Z,BTC-USD,bid,24844.98,0.0001,100.5900000000,24895.2750000000
2023-08-31T23:55:55.034977Z,BTC-USD,ask,24945.57,0.0001,100.5900000000,24895.2750000000
2023-08-31T23:56:00.422233Z,BTC-USD,bid,24681.5,0.0001,250.0600000000,24806.5300000000
2023-08-31T23:56:00.808174Z,BTC-USD,ask,24931.56,0.0001,250.0600000000,24806.5300000000
2023-08-31T23:56:05.091420Z,BTC-USD,bid,24859.33,0.0001,98.3500000000,24908.5050000000
2023-08-31T23:56:07.688551Z,BTC-USD,ask,24957.68,0.0001,98.3500000000,24908.5050000000
2023-08-31T23:56:09.143708Z,BTC-USD,bid,24880.73,0.0001,211.4000000000,24986.4300000000
2023-08-31T23:56:10.045358Z,BTC-USD,ask,25092.13,0.0001,211.4000000000,24986.4300000000
2023-08-31T23:56:14.698978Z,BTC-USD,bid,24810.65,0.0001,237.2100000000,24929.2550000000
2023-08-31T23:56:16.141529Z,BTC-USD,ask,25047.86,0.0001,237.2100000000,24929.2550000000
2023-08-31T23:56:22.302865Z,BTC-USD,bid,24742.45,9.563e-05,313.7600000000,24899.3300000000
2023-08-31T23:56:19.475509Z,BTC-USD,ask,25056.21,0.0001,313.7600000000,24899.3300000000
2023-08-31T23:56:23.300941Z,BTC-USD,bid,24204.2,9.118e-05,1012.8900000000,24710.6450000000
2023-08-31T23:56:25.301399Z,BTC-USD,ask,25217.09,9.772e-05,1012.8900000000,24710.6450000000
2023-08-31T23:56:29.300589Z,BTC-USD,bid,24742.45,9.038e-05,297.5400000000,24891.2200000000
2023-08-31T23:56:31.556764Z,BTC-USD,ask,25039.99,0.0001,297.5400000000,24891.2200000000
2023-08-31T23:56:35.224301Z,BTC-USD,bid,24325.8,0.0001,745.1500000000,24698.3750000000
2023-08-31T23:56:33.757721Z,BTC-USD,ask,25070.95,0.0001,745.1500000000,24698.3750000000
2023-08-31T23:56:39.756938Z,BTC-USD,bid,24493.45,0.0001,354.8900000000,24670.8950000000
2023-08-31T23:56:40.424345Z,BTC-USD,ask,24848.34,0.0001,354.8900000000,24670.8950000000
2023-08-31T23:56:46.423224Z,BTC-USD,bid,24758.47,0.0001,205.2200000000,24861.0800000000
2023-08-31T23:56:47.700557Z,BTC-USD,ask,24963.69,0.0001,205.2200000000,24861.0800000000
2023-08-31T23:56:49.765382Z,BTC-USD,bid,24559.71,0.0001,301.3100000000,24710.3650000000
2023-08-31T23:56:48.808395Z,BTC-USD,ask,24861.02,0.0001,301.3100000000,24710.3650000000
2023-08-31T23:56:57.365275Z,BTC-USD,bid,24045.4,0.0001,906.7500000000,24498.7750000000
2023-08-31T23:56:58.037110Z,BTC-USD,ask,24952.15,0.0001,906.7500000000,24498.7750000000
2023-08-31T23:56:59.698749Z,BTC-USD,bid,24774.27,0.0001,71.7300000000,24810.1350000000
2023-08-31T23:57:02.969472Z,BTC-USD,ask,24846.0,0.0001,71.7300000000,24810.1350000000
2023-08-31T23:57:03.304748Z,BTC-USD,bid,24609.11,0.0001,266.3300000000,24742.2750000000
2023-08-31T23:57:07.583475Z,BTC-USD,ask,24875.44,0.0001,266.3300000000,24742.2750000000
2023-08-31T23:57:09.236753Z,BTC-USD,bid,24480.88,0.0001,458.7600000000,24710.2600000000
2023-08-31T23:57:12.144194Z,BTC-USD,ask,24939.64,0.0001,458.7600000000,24710.2600000000
2023-08-31T23:57:16.689940Z,BTC-USD,bid,24826.96,0.0001,130.9000000000,24892.4100000000
2023-08-31T23:57:16.583428Z,BTC-USD,ask,24957.86,0.0001,130.9000000000,24892.4100000000
2023-08-31T23:57:22.036999Z,BTC-USD,bid,24528.71,0.0001,204.9900000000,24631.2050000000
2023-08-31T23:57:19.972938Z,BTC-USD,ask,24733.7,0.0001,204.9900000000,24631.2050000000
2023-08-31T23:57:23.637328Z,BTC-USD,bid,24204.59,0.0001,509.6700000000,24459.4250000000
2023-08-31T23:57:23.894086Z,BTC-USD,ask,24714.26,0.0001,509.6700000000,24459.4250000000
2023-08-31T23:57:31.043173Z,BTC-USD,bid,24655.19,0.0001,54.9700000000,24682.6750000000
2023-08-31T23:57:31.425249Z,BTC-USD,ask,24710.16,0.0001,54.9700000000,24682.6750000000
2023-08-31T23:57:36.226612Z,BTC-USD,bid,24851.35,0.0001,-157.1700000000,24772.7650000000
2023-08-31T23:57:37.091756Z,BTC-USD,ask,24694.18,0.0001,-157.1700000000,24772.7650000000
2023-08-31T23:57:40.638788Z,BTC-USD,bid,24608.31,0.0001,49.7200000000,24633.1700000000
2023-08-31T23:57:38.700570Z,BTC-USD,ask,24658.03,0.0001,49.7200000000,24633.1700000000
2023-08-31T23:57:47.035004Z,BTC-USD,bid,24172.41,0.0001,606.2000000000,24475.5100000000
2023-08-31T23:57:46.700713Z,BTC-USD,ask,24778.61,0.0001,606.2000000000,24475.5100000000
2023-08-31T23:57:50.702057Z,BTC-USD,bid,24338.22,0.0001,340.1800000000,24508.3100000000
2023-08-31T23:57:48.476993Z,BTC-USD,ask,24678.4,0.0001,340.1800000000,24508.3100000000
2023-08-31T23:57:57.894050Z,BTC-USD,bid,24570.99,0.0001,211.4700000000,24676.7250000000
2023-08-31T23:57:56.700952Z,BTC-USD,ask,24782.46,0.0001,211.4700000000,24676.7250000000
2023-08-31T23:58:00.812202Z,BTC-USD,bid,24539.04,0.0001,136.2000000000,24607.1400000000
2023-08-31T23:58:00.366977Z,BTC-USD,ask,24675.24,0.0001,136.2000000000,24607.1400000000
2023-08-31T23:58:04.305974Z,BTC-USD,bid,24569.44,0.0001,253.3200000000,24696.1000000000
2023-08-31T23:58:08.234758Z,BTC-USD,ask,24822.76,0.0001,253.3200000000,24696.1000000000
2023-08-31T23:58:09.812826Z,BTC-USD,bid,23901.52,0.0001,1328.1900000000,24565.6150000000
2023-08-31T23:58:10.478536Z,BTC-USD,ask,25229.71,0.0001,1328.1900000000,24565.6150000000
2023-08-31T23:58:15.025473Z,BTC-USD,bid,24508.68,8.638e-05,1108.1000000000,25062.7300000000
2023-08-31T23:58:14.303475Z,BTC-USD,ask,25616.78,9.141e-05,1108.1000000000,25062.7300000000
2023-08-31T23:58:21.641227Z,BTC-USD,bid,24561.69,0.0001,462.9200000000,24793.1500000000
2023-08-31T23:58:22.644158Z,BTC-USD,ask,25024.61,0.0001,462.9200000000,24793.1500000000
2023-08-31T23:58:28.038229Z,BTC-USD,bid,24394.42,0.0001,1456.2700000000,25122.5550000000
2023-08-31T23:58:27.704415Z,BTC-USD,ask,25850.69,0.0001,1456.2700000000,25122.5550000000
2023-08-31T23:58:28.704619Z,BTC-USD,bid,24472.44,0.0001,501.0700000000,24722.9750000000
2023-08-31T23:58:29.039234Z,BTC-USD,ask,24973.51,0.0001,501.0700000000,24722.9750000000
2023-08-31T23:58:36.700997Z,BTC-USD,bid,24586.31,0.0001,102.6400000000,24637.6300000000
2023-08-31T23:58:37.373905Z,BTC-USD,ask,24688.95,0.0001,102.6400000000,24637.6300000000
2023-08-31T23:58:40.367355Z,BTC-USD,bid,24055.57,0.0001,1490.8300000000,24800.9850000000
2023-08-31T23:58:41.701633Z,BTC-USD,ask,25546.4,0.0001,1490.8300000000,24800.9850000000
2023-08-31T23:58:44.973065Z,BTC-USD,bid,24500.08,0.0001,315.5600000000,24657.8600000000
2023-08-31T23:58:45.973666Z,BTC-USD,ask,24815.64,0.0001,315.5600000000,24657.8600000000
2023-08-31T23:58:51.358929Z,BTC-USD,bid,23984.64,0.0001,920.5000000000,24444.8900000000
2023-08-31T23:58:50.369132Z,BTC-USD,ask,24905.14,0.0001,920.5000000000,24444.8900000000
2023-08-31T23:58:53.972892Z,BTC-USD,bid,24627.33,0.0001,22.7400000000,24638.7000000000
2023-08-31T23:58:57.368902Z,BTC-USD,ask,24650.07,0.0001,22.7400000000,24638.7000000000
2023-08-31T23:59:02.974737Z,BTC-USD,bid,24344.47,0.0001,602.9700000000,24645.9550000000
2023-08-31T23:59:00.308252Z,BTC-USD,ask,24947.44,0.0001,602.9700000000,24645.9550000000
2023-08-31T23:59:07.360912Z,BTC-USD,bid,24638.93,0.0001,124.3800000000,24701.1200000000
2023-08-31T23:59:03.972984Z,BTC-USD,ask,24763.31,0.0001,124.3800000000,24701.1200000000
2023-08-31T23:59:12.639166Z,BTC-USD,bid,24122.44,9.648e-05,530.5600000000,24387.7200000000
2023-08-31T23:59:08.638826Z,BTC-USD,ask,24653.0,0.0001,530.5600000000,24387.7200000000
2023-08-31T23:59:15.647688Z,BTC-USD,bid,24138.11,9.628e-05,514.8900000000,24395.5550000000
2023-08-31T23:59:15.973262Z,BTC-USD,ask,24653.0,9.618e-05,514.8900000000,24395.5550000000
2023-08-31T23:59:18.640458Z,BTC-USD,bid,24638.84,0.0001,326.7700000000,24802.2250000000
2023-08-31T23:59:23.093643Z,BTC-USD,ask,24965.61,0.0001,326.7700000000,24802.2250000000
2023-08-31T23:59:23.761596Z,BTC-USD,bid,24589.88,0.0001,153.8900000000,24666.8250000000
2023-08-31T23:59:23.841089Z,BTC-USD,ask,24743.77,9.851e-05,153.8900000000,24666.8250000000
2023-08-31T23:59:30.641074Z,BTC-USD,bid,24510.19,0.0001,415.9600000000,24718.1700000000
2023-08-31T23:59:31.508204Z,BTC-USD,ask,24926.15,9.851e-05,415.9600000000,24718.1700000000
2023-08-31T23:59:34.095011Z,BTC-USD,bid,24333.25,0.0001,732.9700000000,24699.7350000000
2023-08-31T23:59:38.093739Z,BTC-USD,ask,25066.22,0.0001,732.9700000000,24699.7350000000
2023-08-31T23:59:38.434299Z,BTC-USD,bid,24433.85,0.0001,716.4500000000,24792.0750000000
2023-08-31T23:59:41.095362Z,BTC-USD,ask,25150.3,0.0001,716.4500000000,24792.0750000000
2023-08-31T23:59:45.702649Z,BTC-USD,bid,24467.79,0.0001,112.4300000000,24524.0050000000
2023-08-31T23:59:44.048210Z,BTC-USD,ask,24580.22,0.0001,112.4300000000,24524.0050000000
2023-08-31T23:59:52.700968Z,BTC-USD,bid,24561.26,0.0001,135.4800000000,24629.0000000000
2023-08-31T23:59:49.369748Z,BTC-USD,ask,24696.74,0.0001,135.4800000000,24629.0000000000
2023-08-31T23:59:57.708029Z,BTC-USD,bid,24550.94,0.0001,813.8800000000,24957.8800000000
2023-08-31T23:59:57.374215Z,BTC-USD,ask,25364.82,0.0001,813.8800000000,24957.8800000000
2023-09-01T00:00:01.376821Z,BTC-USD,bid,24448.98,0.0001,242.3100000000,24570.1350000000
2023-08-31T23:59:59.147673Z,BTC-USD,ask,24691.29,0.0001,242.3100000000,24570.1350000000
2023-09-01T00:00:06.308372Z,BTC-USD,bid,24447.99,0.0001,319.1000000000,24607.5400000000
2023-09-01T00:00:05.643133Z,BTC-USD,ask,24767.09,0.0001,319.1000000000,24607.5400000000
2023-09-01T00:00:12.596675Z,BTC-USD,bid,24664.5,0.0001,563.1600000000,24946.0800000000
2023-09-01T00:00:12.695893Z,BTC-USD,ask,25227.66,0.0001,563.1600000000,24946.0800000000
2023-09-01T00:00:15.565549Z,BTC-USD,bid,24749.54,0.0001,-9.6400000000,24744.7200000000
2023-09-01T00:00:16.234127Z,BTC-USD,ask,24739.9,0.0001,-9.6400000000,24744.7200000000
2023-09-01T00:00:23.096868Z,BTC-USD,bid,23854.58,0.0001,1141.9600000000,24425.5600000000
2023-09-01T00:00:19.371744Z,BTC-USD,ask,24996.54,0.0001,1141.9600000000,24425.5600000000
2023-09-01T00:00:24.433321Z,BTC-USD,bid,24572.7,0.0001,96.0900000000,24620.7450000000
2023-09-01T00:00:26.037372Z,BTC-USD,ask,24668.79,0.0001,96.0900000000,24620.7450000000
2023-09-01T00:00:29.644116Z,BTC-USD,bid,24563.58,0.0001,-66.8700000000,24530.1450000000
2023-09-01T00:00:32.974830Z,BTC-USD,ask,24496.71,0.0001,-66.8700000000,24530.1450000000
2023-09-01T00:00:38.370480Z,BTC-USD,bid,24483.67,0.0001,153.3300000000,24560.3350000000
2023-09-01T00:00:35.975267Z,BTC-USD,ask,24637.0,0.0001,153.3300000000,24560.3350000000
2023-09-01T00:00:40.925187Z,BTC-USD,bid,24603.3,0.0001,620.6500000000,24913.6250000000
2023-09-01T00:00:42.363710Z,BTC-USD,ask,25223.95,0.0001,620.6500000000,24913.6250000000
2023-09-01T00:00:44.700624Z,BTC-USD,bid,24307.83,0.0001,470.9400000000,24543.3000000000
2023-09-01T00:00:47.374743Z,BTC-USD,ask,24778.77,0.0001,470.9400000000,24543.3000000000
2023-09-01T00:00:52.974647Z,BTC-USD,bid,24620.77,0.0001,69.6400000000,24655.5900000000
2023-09-01T00:00:51.037059Z,BTC-USD,ask,24690.41,0.0001,69.6400000000,24655.5900000000
2023-09-01T00:00:58.041496Z,BTC-USD,bid,24493.54,0.0001,215.7900000000,24601.4350000000
2023-09-01T00:00:57.708839Z,BTC-USD,ask,24709.33,0.0001,215.7900000000,24601.4350000000
2023-09-01T00:00:58.927010Z,BTC-USD,bid,24450.29,0.0001,186.6900000000,24543.6350000000
2023-09-01T00:01:03.309563Z,BTC-USD,ask,24636.98,0.0001,186.6900000000,24543.6350000000
2023-09-01T00:01:07.034753Z,BTC-USD,bid,24451.67,0.0001,409.0600000000,24656.2000000000
2023-09-01T00:01:06.574719Z,BTC-USD,ask,24860.73,0.0001,409.0600000000,24656.2000000000
2023-09-01T00:01:12.909451Z,BTC-USD,bid,24201.74,0.0001,1465.7900000000,24934.6350000000
2023-09-01T00:01:09.374466Z,BTC-USD,ask,25667.53,0.0001,1465.7900000000,24934.6350000000
2023-09-01T00:01:16.575031Z,BTC-USD,bid,24424.87,0.0001,45.0400000000,24447.3900000000
2023-09-01T00:01:16.241293Z,BTC-USD,ask,24469.91,0.0001,45.0400000000,24447.3900000000
2023-09-01T00:01:18.573904Z,BTC-USD,bid,24218.05,0.0001,740.5500000000,24588.3250000000
2023-09-01T00:01:22.097445Z,BTC-USD,ask,24958.6,0.0001,740.5500000000,24588.3250000000
2023-09-01T00:01:23.908114Z,BTC-USD,bid,23964.67,0.0001,759.2100000000,24344.2750000000
2023-09-01T00:01:23.575701Z,BTC-USD,ask,24723.88,0.0001,759.2100000000,24344.2750000000
2023-09-01T08:02:00.773109Z,BTC-USD,bid,15290.42,0.0001,543.7200000000,15562.2800000000
2023-09-01T08:02:01.105203Z,BTC-USD,ask,15834.14,0.0001,543.7200000000,15562.2800000000
2023-09-01T08:02:07.931513Z,BTC-USD,bid,15194.52,0.0001,346.6400000000,15367.8400000000
2023-09-01T08:02:05.772280Z,BTC-USD,ask,15541.16,0.0001,346.6400000000,15367.8400000000
2023-09-01T08:02:08.437737Z,BTC-USD,bid,15323.02,0.0001,240.2800000000,15443.1600000000
2023-09-01T08:02:12.106786Z,BTC-USD,ask,15563.3,0.0001,240.2800000000,15443.1600000000
2023-09-01T08:02:13.125131Z,BTC-USD,bid,15522.85,0.0001,57.1100000000,15551.4050000000
2023-09-01T08:02:16.991976Z,BTC-USD,ask,15579.96,0.0001,57.1100000000,15551.4050000000
2023-09-01T08:02:20.106157Z,BTC-USD,bid,15255.6,0.0001,461.6300000000,15486.4150000000
2023-09-01T08:02:20.438472Z,BTC-USD,ask,15717.23,0.0001,461.6300000000,15486.4150000000
2023-09-01T08:02:24.657820Z,BTC-USD,bid,15319.75,0.0001,425.4300000000,15532.4650000000
2023-09-01T08:02:26.324955Z,BTC-USD,ask,15745.18,0.0001,425.4300000000,15532.4650000000
2023-09-01T08:02:30.350487Z,BTC-USD,bid,15417.86,0.0001,38.1200000000,15436.9200000000
2023-09-01T08:02:32.331538Z,BTC-USD,ask,15455.98,0.0001,38.1200000000,15436.9200000000
2023-09-01T08:02:37.797199Z,BTC-USD,bid,15358.08,0.0001,102.8400000000,15409.5000000000
2023-09-01T08:02:37.332223Z,BTC-USD,ask,15460.92,0.0001,102.8400000000,15409.5000000000
2023-09-01T08:02:38.658990Z,BTC-USD,bid,15416.16,0.0001,162.2900000000,15497.3050000000
2023-09-01T08:02:39.253693Z,BTC-USD,ask,15578.45,0.0001,162.2900000000,15497.3050000000
2023-09-01T08:02:44.995487Z,BTC-USD,bid,15270.16,0.0001,558.3400000000,15549.3300000000
2023-09-01T08:02:45.128522Z,BTC-USD,ask,15828.5,0.0001,558.3400000000,15549.3300000000
2023-09-01T08:02:50.928849Z,BTC-USD,bid,15124.49,0.0001,310.7800000000,15279.8800000000
2023-09-01T08:02:50.127397Z,BTC-USD,ask,15435.27,0.0001,310.7800000000,15279.8800000000
2023-09-01T08:02:54.128773Z,BTC-USD,bid,15354.06,0.0001,210.4900000000,15459.3050000000
2023-09-01T08:02:57.186221Z,BTC-USD,ask,15564.55,0.0001,210.4900000000,15459.3050000000
,,,,,,
,,,,,,
,,,,,,
,,,,,,
,,,,,,
2023-09-01T08:02:58.438994Z,BTC-USD,ask,15960.46,0.0001,,
2023-09-01T08:03:06.653798Z,BTC-USD,bid,15174.91,0.0001,219.8600000000,15284.8400000000
2023-09-01T08:03:03.932710Z,BTC-USD,ask,15394.77,0.0001,219.8600000000,15284.8400000000
2023-09-01T08:03:12.278303Z,BTC-USD,bid,15390.29,0.0001,71.4900000000,15426.0350000000
2023-09-01T08:03:08.612017Z,BTC-USD,ask,15461.78,0.0001,71.4900000000,15426.0350000000
2023-09-01T08:03:18.106003Z,BTC-USD,bid,15438.8,0.0001,490.1200000000,15683.8600000000
2023-09-01T08:03:15.105573Z,BTC-USD,ask,15928.92,0.0001,490.1200000000,15683.8600000000
2023-09-01T08:03:20.034587Z,BTC-USD,bid,15416.14,0.0001,162.2200000000,15497.2500000000
2023-09-01T08:03:19.686331Z,BTC-USD,ask,15578.36,0.0001,162.2200000000,15497.2500000000
2023-09-01T08:03:23.944385Z,BTC-USD,bid,15542.16,0.0001,181.1500000000,15632.7350000000
2023-09-01T08:03:23.616879Z,BTC-USD,ask,15723.31,0.0001,181.1500000000,15632.7350000000
2023-09-01T08:03:30.663501Z,BTC-USD,bid,15553.31,0.0001,4.6500000000,15555.6350000000
2023-09-01T08:03:30.997415Z,BTC-USD,ask,15557.96,0.0001,4.6500000000,15555.6350000000
2023-09-01T08:03:36.796291Z,BTC-USD,bid,15252.06,0.0001,671.7200000000,15587.9200000000
2023-09-01T08:03:34.352903Z,BTC-USD,ask,15923.78,0.0001,671.7200000000,15587.9200000000
2023-09-01T08:03:38.991330Z,BTC-USD,bid,15510.19,0.0001,44.4400000000,15532.4100000000
2023-09-01T08:03:41.130596Z,BTC-USD,ask,15554.63,0.0001,44.4400000000,15532.4100000000
2023-09-01T08:03:43.933676Z,BTC-USD,bid,15393.93,0.0001,684.8500000000,15736.3550000000
2023-09-01T08:03:46.134299Z,BTC-USD,ask,16078.78,0.0001,684.8500000000,15736.3550000000
2023-09-01T08:03:52.996348Z,BTC-USD,bid,15492.51,0.0001,493.4300000000,15739.2250000000
2023-09-01T08:03:52.600823Z,BTC-USD,ask,15985.94,0.0001,493.4300000000,15739.2250000000
2023-09-01T08:03:57.772737Z,BTC-USD,bid,15542.93,0.0001,86.7000000000,15586.2800000000
2023-09-01T08:03:56.613986Z,BTC-USD,ask,15629.63,0.0001,86.7000000000,15586.2800000000
2023-09-01T08:04:00.994724Z,BTC-USD,bid,15536.6,0.0001,194.7600000000,15633.9800000000
2023-09-01T08:03:58.612332Z,BTC-USD,ask,15731.36,0.0001,194.7600000000,15633.9800000000
2023-09-01T08:04:07.265895Z,BTC-USD,bid,15475.76,9.536e-05,146.2600000000,15548.8900000000
2023-09-01T08:04:04.933755Z,BTC-USD,ask,15622.02,0.0001,146.2600000000,15548.8900000000
2023-09-01T08:04:12.266594Z,BTC-USD,bid,15277.7,0.0001,571.0300000000,15563.2150000000
2023-09-01T08:04:11.933030Z,BTC-USD,ask,15848.73,0.0001,571.0300000000,15563.2150000000
2023-09-01T08:04:15.267750Z,BTC-USD,bid,15325.78,0.0001,264.1400000000,15457.8500000000
2023-09-01T08:04:16.330992Z,BTC-USD,ask,15589.92,0.0001,264.1400000000,15457.8500000000
2023-09-01T08:04:20.996981Z,BTC-USD,bid,15547.96,0.0001,68.7400000000,15582.3300000000
2023-09-01T08:04:19.188369Z,BTC-USD,ask,15616.7,0.0001,68.7400000000,15582.3300000000
2023-09-01T08:04:27.355283Z,BTC-USD,bid,15409.71,0.0001,232.7700000000,15526.0950000000
2023-09-01T08:04:26.797380Z,BTC-USD,ask,15642.48,0.0001,232.7700000000,15526.0950000000
2023-09-01T08:04:29.330196Z,BTC-USD,bid,15296.92,0.0001,219.0000000000,15406.4200000000
2023-09-01T08:04:28.997249Z,BTC-USD,ask,15515.92,0.0001,219.0000000000,15406.4200000000
2023-09-01T08:04:34.663303Z,BTC-USD,bid,15467.08,0.0001,124.5400000000,15529.3500000000
2023-09-01T08:04:34.331691Z,BTC-USD,ask,15591.62,0.0001,124.5400000000,15529.3500000000
2023-09-01T08:04:43.254851Z,BTC-USD,bid,14629.72,0.0001,1104.3800000000,15181.9100000000
2023-09-01T08:04:42.923095Z,BTC-USD,ask,15734.1,0.0001,1104.3800000000,15181.9100000000
2023-09-01T08:04:46.616840Z,BTC-USD,bid,15309.36,0.0001,136.5000000000,15377.6100000000
2023-09-01T08:04:43.329693Z,BTC-USD,ask,15445.86,0.0001,136.5000000000,15377.6100000000
2023-09-01T08:04:49.614982Z,BTC-USD,bid,14904.92,0.0001,450.5600000000,15130.2000000000
2023-09-01T08:04:53.280487Z,BTC-USD,ask,15355.48,0.0001,450.5600000000,15130.2000000000
2023-09-01T08:04:56.267951Z,BTC-USD,bid,14810.56,0.0001,658.6200000000,15139.8700000000
2023-09-01T08:04:55.440688Z,BTC-USD,ask,15469.18,0.0001,658.6200000000,15139.8700000000
2023-09-01T08:05:02.599877Z,BTC-USD,bid,15224.52,0.0001,136.9600000000,15293.0000000000
2023-09-01T08:05:01.320842Z,BTC-USD,ask,15361.48,0.0001,136.9600000000,15293.0000000000
2023-09-01T08:05:03.660079Z,BTC-USD,bid,15406.01,0.0001,140.4200000000,15476.2200000000
2023-09-01T08:05:08.106917Z,BTC-USD,ask,15546.43,0.0001,140.4200000000,15476.2200000000
2023-09-01T08:05:10.773918Z,BTC-USD,bid,15408.51,0.0001,168.0300000000,15492.5250000000
2023-09-01T08:05:09.268031Z,BTC-USD,ask,15576.54,0.0001,168.0300000000,15492.5250000000
2023-09-01T08:05:14.997114Z,BTC-USD,bid,15207.68,0.0001,34792.3200000000,32603.8400000000
2023-09-01T08:05:16.346338Z,BTC-USD,ask,50000.0,0.3,34792.3200000000,32603.8400000000
2023-09-01T08:05:20.133353Z,BTC-USD,bid,15347.38,0.0001,95.3800000000,15395.0700000000
2023-09-01T08:05:19.797588Z,BTC-USD,ask,15442.76,0.0001,95.3800000000,15395.0700000000
2023-09-01T08:05:26.669101Z,BTC-USD,bid,15030.99,0.0001,386.5300000000,15224.2550000000
2023-09-01T08:05:28.335235Z,BTC-USD,ask,15417.52,0.0001,386.5300000000,15224.2550000000
2023-09-01T08:05:31.664469Z,BTC-USD,bid,15141.21,0.0001,565.1100000000,15423.7650000000
2023-09-01T08:05:31.997883Z,BTC-USD,ask,15706.32,0.0001,565.1100000000,15423.7650000000
2023-09-01T08:05:35.266976Z,BTC-USD,bid,14993.28,9.092e-05,198.4000000000,15092.4800000000
2023-09-01T08:05:37.466858Z,BTC-USD,ask,15191.68,0.0001,198.4000000000,15092.4800000000
2023-09-01T08:05:38.331392Z,BTC-USD,bid,14525.87,0.0001,1119.1700000000,15085.4550000000
2023-09-01T08:05:43.110772Z,BTC-USD,ask,15645.04,0.0001,1119.1700000000,15085.4550000000
2023-09-01T08:05:44.442984Z,BTC-USD,bid,15153.92,0.0001,166.4800000000,15237.1600000000
2023-09-01T08:05:44.591327Z,BTC-USD,ask,15320.4,0.0001,166.4800000000,15237.1600000000
2023-09-01T08:05:49.521867Z,BTC-USD,bid,15088.45,0.0001,387.9800000000,15282.4400000000
2023-09-01T08:05:49.187846Z,BTC-USD,ask,15476.43,0.0001,387.9800000000,15282.4400000000
2023-09-01T08:05:55.663462Z,BTC-USD,bid,15151.95,0.0001,48.1800000000,15176.0400000000
2023-09-01T08:05:56.663758Z,BTC-USD,ask,15200.13,0.0001,48.1800000000,15176.0400000000
2023-09-01T08:06:01.690570Z,BTC-USD,bid,15032.65,0.0001,307.5800000000,15186.4400000000
2023-09-01T08:06:02.032483Z,BTC-USD,ask,15340.23,0.0001,307.5800000000,15186.4400000000
2023-09-01T08:06:05.110799Z,BTC-USD,bid,15109.77,0.0001,98.3000000000,15158.9200000000
2023-09-01T08:06:05.950649Z,BTC-USD,ask,15208.07,0.0001,98.3000000000,15158.9200000000
2023-09-01T08:06:08.668344Z,BTC-USD,bid,15096.17,0.0001,354.1100000000,15273.2250000000
2023-09-01T08:06:10.023027Z,BTC-USD,ask,15450.28,0.0001,354.1100000000,15273.2250000000
2023-09-01T08:06:17.690005Z,BTC-USD,bid,14890.59,0.0001,367.0000000000,15074.0900000000
2023-09-01T08:06:15.662940Z,BTC-USD,ask,15257.59,0.0001,367.0000000000,15074.0900000000
2023-09-01T08:06:20.357577Z,BTC-USD,bid,15099.67,0.0001,222.3300000000,15210.8350000000
2023-09-01T08:06:21.360347Z,BTC-USD,ask,15322.0,0.0001,222.3300000000,15210.8350000000
2023-09-01T08:06:27.998856Z,BTC-USD,bid,15122.92,0.0001,26.2100000000,15136.0250000000
2023-09-01T08:06:26.668103Z,BTC-USD,ask,15149.13,0.0001,26.2100000000,15136.0250000000
2023-09-01T08:06:29.602314Z,BTC-USD,bid,15094.7,0.0001,78.0600000000,15133.7300000000
2023-09-01T08:06:31.999768Z,BTC-USD,ask,15172.76,0.0001,78.0600000000,15133.7300000000
2023-09-01T08:06:35.778338Z,BTC-USD,bid,14995.98,0.0001,317.4700000000,15154.7150000000
2023-09-01T08:06:36.110318Z,BTC-USD,ask,15313.45,0.0001,317.4700000000,15154.7150000000
2023-09-01T08:06:39.615748Z,BTC-USD,bid,15037.65,0.0001,118.4000000000,15096.8500000000
2023-09-01T08:06:39.289254Z,BTC-USD,ask,15156.05,0.0001,118.4000000000,15096.8500000000
2023-09-01T08:06:47.353015Z,BTC-USD,bid,15105.21,0.0001,390.5300000000,15300.4750000000
2023-09-01T08:06:48.282407Z,BTC-USD,ask,15495.74,0.0001,390.5300000000,15300.4750000000
