tz,product_id,side,price_level,quantity,difference,mid_price
2023-09-01 13:54:49,BTC-USD,ask,26650.6,0.0001,-1960.8300000000,25670.1850000000
2023-09-01 13:54:49,BTC-USD,bid,24689.77,0.0001,-1960.8300000000,25670.1850000000
2023-09-01 13:54:54,BTC-USD,ask,26943.08,0.0001,-1877.0700000000,26004.5450000000
2023-09-01 13:54:54,BTC-USD,bid,25066.01,0.0001,-1877.0700000000,26004.5450000000
2023-09-01 13:54:59,BTC-USD,ask,26680.69,0.0001,-1963.3400000000,25699.0200000000
2023-09-01 13:54:59,BTC-USD,bid,24717.35,0.0001,-1963.3400000000,25699.0200000000
2023-09-01 13:55:04,BTC-USD,ask,26694.04,0.0001,0.0000000000,26694.0400000000
2023-09-01 13:55:04,BTC-USD,ask,26694.04,0.0001,0.0000000000,26694.0400000000
2023-09-01 13:57:11,BTC-USD,ask,50000.0,0.3,-25043.8600000000,37478.0700000000
2023-09-01 13:57:11,BTC-USD,bid,24956.14,9.259e-05,-25043.8600000000,37478.0700000000
2023-09-01 13:57:16,BTC-USD,ask,27164.1,0.0001,-972.4800000000,26677.8600000000
2023-09-01 13:57:16,BTC-USD,bid,26191.62,0.0001,-972.4800000000,26677.8600000000
2023-09-01 13:57:21,BTC-USD,ask,27399.35,0.0001,-2378.7400000000,26209.9800000000
2023-09-01 13:57:21,BTC-USD,bid,25020.61,0.0001,-2378.7400000000,26209.9800000000
2023-09-01 13:57:26,BTC-USD,ask,50000.0,0.3,-24854.2400000000,37572.8800000000
2023-09-01 13:57:26,BTC-USD,bid,25145.76,0.0001,-24854.2400000000,37572.8800000000
2023-09-01 13:57:31,BTC-USD,ask,27410.16,0.0001,-2460.2400000000,26180.0400000000
2023-09-01 13:57:31,BTC-USD,bid,24949.92,0.0001,-2460.2400000000,26180.0400000000
2023-09-01 13:57:36,BTC-USD,ask,27371.32,0.0001,-2201.3500000000,26270.6450000000
2023-09-01 13:57:36,BTC-USD,bid,25169.97,0.0001,-2201.3500000000,26270.6450000000
2023-09-01 13:57:41,BTC-USD,ask,50000.0,0.3,-25008.0700000000,37495.9650000000
2023-09-01 13:57:41,BTC-USD,bid,24991.93,0.0001,-25008.0700000000,37495.9650000000
2023-09-01 13:57:46,BTC-USD,bid,26160.26,0.0001,0.0000000000,26160.2600000000
2023-09-01 13:57:46,BTC-USD,bid,26160.26,0.0001,0.0000000000,26160.2600000000
2023-09-01 13:57:51,BTC-USD,ask,26760.2,0.0001,-1725.9400000000,25897.2300000000
2023-09-01 13:57:51,BTC-USD,bid,25034.26,0.0001,-1725.9400000000,25897.2300000000
2023-09-01 13:57:56,BTC-USD,ask,50000.0,0.3,-24952.2000000000,37523.9000000000
2023-09-01 13:57:56,BTC-USD,bid,25047.8,0.0001,-24952.2000000000,37523.9000000000
2023-09-01 13:58:01,BTC-USD,ask,26330.0,662.42826126,0.0000000000,26330.0000000000
2023-09-01 13:58:01,BTC-USD,ask,26330.0,662.42826126,0.0000000000,26330.0000000000
2023-09-01 13:58:06,BTC-USD,ask,27538.78,0.0001,-2142.9200000000,26467.3200000000
2023-09-01 13:58:06,BTC-USD,bid,25395.86,0.0001,-2142.9200000000,26467.3200000000
2023-09-01 13:58:12,BTC-USD,ask,50000.0,0.3,-24835.1600000000,37582.4200000000
2023-09-01 13:58:12,BTC-USD,bid,25164.84,0.0001,-24835.1600000000,37582.4200000000
2023-09-01 13:58:17,BTC-USD,ask,27403.52,0.0001,-2267.0300000000,26270.0050000000
2023-09-01 13:58:17,BTC-USD,bid,25136.49,0.0001,-2267.0300000000,26270.0050000000
2023-09-01 13:58:22,BTC-USD,ask,27560.13,0.0001,-2443.9900000000,26338.1350000000
2023-09-01 13:58:22,BTC-USD,bid,25116.14,0.0001,-2443.9900000000,26338.1350000000
2023-09-01 13:58:27,BTC-USD,ask,50000.0,0.3,-25113.9600000000,37443.0200000000
2023-09-01 13:58:27,BTC-USD,bid,24886.04,0.0001,-25113.9600000000,37443.0200000000
2023-09-01 13:58:32,BTC-USD,ask,27538.78,9.606e-05,-2422.4100000000,26327.5750000000
2023-09-01 13:58:32,BTC-USD,bid,25116.37,0.0001,-2422.4100000000,26327.5750000000
2023-09-01 13:58:37,BTC-USD,ask,27050.53,0.0001,-1775.7000000000,26162.6800000000
2023-09-01 13:58:37,BTC-USD,bid,25274.83,0.0001,-1775.7000000000,26162.6800000000
2023-09-01 13:58:42,BTC-USD,ask,27541.86,0.0001,-2276.0200000000,26403.8500000000
2023-09-01 13:58:42,BTC-USD,bid,25265.84,0.0001,-2276.0200000000,26403.8500000000
2023-09-01 13:58:47,BTC-USD,ask,27131.56,0.0001,-1149.5500000000,26556.7850000000
2023-09-01 13:58:47,BTC-USD,bid,25982.01,0.0001,-1149.5500000000,26556.7850000000
2023-09-01 13:58:52,BTC-USD,ask,27538.78,9.062e-05,-2373.9400000000,26351.8100000000
2023-09-01 13:58:52,BTC-USD,bid,25164.84,8.863e-05,-2373.9400000000,26351.8100000000
2023-09-01 13:58:57,BTC-USD,ask,50000.0,0.3,-24831.9000000000,37584.0500000000
2023-09-01 13:58:57,BTC-USD,bid,25168.1,0.0001,-24831.9000000000,37584.0500000000
2023-09-01 13:59:02,BTC-USD,ask,27199.36,0.0001,-2145.3100000000,26126.7050000000
2023-09-01 13:59:02,BTC-USD,bid,25054.05,0.0001,-2145.3100000000,26126.7050000000
2023-09-01 13:59:07,BTC-USD,ask,27227.47,0.0001,-2516.3600000000,25969.2900000000
2023-09-01 13:59:07,BTC-USD,bid,24711.11,0.0001,-2516.3600000000,25969.2900000000
2023-09-01 13:59:12,BTC-USD,ask,50000.0,0.3,-24605.3500000000,37697.3250000000
2023-09-01 13:59:12,BTC-USD,bid,25394.65,0.0001,-24605.3500000000,37697.3250000000
2023-09-01 13:59:17,BTC-USD,ask,26885.77,0.0001,-1303.5400000000,26234.0000000000
2023-09-01 13:59:17,BTC-USD,bid,25582.23,0.0001,-1303.5400000000,26234.0000000000
2023-09-01 13:59:22,BTC-USD,ask,27611.67,0.0001,-2593.0900000000,26315.1250000000
2023-09-01 13:59:22,BTC-USD,bid,25018.58,0.0001,-2593.0900000000,26315.1250000000
2023-09-01 13:59:27,BTC-USD,ask,50000.0,0.3,-24952.8700000000,37523.5650000000
2023-09-01 13:59:27,BTC-USD,bid,25047.13,0.0001,-24952.8700000000,37523.5650000000
2023-09-01 13:59:32,BTC-USD,ask,27292.26,0.0001,-2038.6800000000,26272.9200000000
2023-09-01 13:59:32,BTC-USD,bid,25253.58,0.0001,-2038.6800000000,26272.9200000000
2023-09-01 13:59:37,BTC-USD,ask,27300.18,0.0001,-2340.8800000000,26129.7400000000
2023-09-01 13:59:37,BTC-USD,bid,24959.3,0.0001,-2340.8800000000,26129.7400000000
2023-09-01 13:59:42,BTC-USD,ask,50000.0,0.3,-22914.7200000000,38542.6400000000
2023-09-01 13:59:42,BTC-USD,ask,27085.28,0.0001,-22914.7200000000,38542.6400000000
2023-09-01 13:59:47,BTC-USD,ask,26901.28,0.0001,-1838.5000000000,25982.0300000000
2023-09-01 13:59:47,BTC-USD,bid,25062.78,0.0001,-1838.5000000000,25982.0300000000
2023-09-01 13:59:52,BTC-USD,ask,27133.15,0.0001,-1980.9800000000,26142.6600000000
2023-09-01 13:59:52,BTC-USD,bid,25152.17,0.0001,-1980.9800000000,26142.6600000000
2023-09-01 13:59:57,BTC-USD,ask,26721.78,0.0001,-2033.2300000000,25705.1650000000
2023-09-01 13:59:57,BTC-USD,bid,24688.55,0.0001,-2033.2300000000,25705.1650000000
2023-09-01 14:00:02,BTC-USD,ask,27321.52,0.0001,-2162.9200000000,26240.0600000000
2023-09-01 14:00:02,BTC-USD,bid,25158.6,0.0001,-2162.9200000000,26240.0600000000
2023-09-01 14:00:07,BTC-USD,ask,26413.02,0.0001,-1267.3800000000,25779.3300000000
2023-09-01 14:00:07,BTC-USD,bid,25145.64,0.0001,-1267.3800000000,25779.3300000000
2023-09-01 14:00:12,BTC-USD,ask,50000.0,0.3,-25350.5400000000,37324.7300000000
2023-09-01 14:00:12,BTC-USD,bid,24649.46,0.0001,-25350.5400000000,37324.7300000000
2023-09-01 14:00:17,BTC-USD,ask,26681.17,0.0001,-1545.2600000000,25908.5400000000
2023-09-01 14:00:17,BTC-USD,bid,25135.91,0.0001,-1545.2600000000,25908.5400000000
2023-09-01 14:00:22,BTC-USD,ask,26812.06,0.0001,-2008.9800000000,25807.5700000000
2023-09-01 14:00:22,BTC-USD,bid,24803.08,0.0001,-2008.9800000000,25807.5700000000
2023-09-01 14:00:27,BTC-USD,ask,27133.15,9.532e-05,-2447.0800000000,25909.6100000000
2023-09-01 14:00:27,BTC-USD,bid,24686.07,0.0001,-2447.0800000000,25909.6100000000
2023-09-01 14:00:32,BTC-USD,ask,27069.87,0.0001,-2257.6800000000,25941.0300000000
2023-09-01 14:00:32,BTC-USD,bid,24812.19,0.0001,-2257.6800000000,25941.0300000000
2023-09-01 14:00:37,BTC-USD,ask,26844.23,0.0001,-1557.8800000000,26065.2900000000
2023-09-01 14:00:37,BTC-USD,bid,25286.35,0.0001,-1557.8800000000,26065.2900000000
2023-09-01 14:00:42,BTC-USD,ask,27287.84,0.0001,-2719.6000000000,25928.0400000000
2023-09-01 14:00:42,BTC-USD,bid,24568.24,0.0001,-2719.6000000000,25928.0400000000
2023-09-01 14:08:39,BTC-USD,ask,27308.66,0.0001,-2292.6800000000,26162.3200000000
2023-09-01 14:08:39,BTC-USD,bid,25015.98,0.0001,-2292.6800000000,26162.3200000000
2023-09-01 14:08:44,BTC-USD,ask,50000.0,0.3,-24811.0500000000,37594.4750000000
2023-09-01 14:08:44,BTC-USD,bid,25188.95,0.0001,-24811.0500000000,37594.4750000000
2023-09-01 14:08:49,BTC-USD,ask,27435.33,0.0001,-2543.7600000000,26163.4500000000
2023-09-01 14:08:49,BTC-USD,bid,24891.57,0.0001,-2543.7600000000,26163.4500000000
2023-09-01 14:08:54,BTC-USD,ask,27158.09,0.0001,-1744.3200000000,26285.9300000000
2023-09-01 14:08:54,BTC-USD,bid,25413.77,0.0001,-1744.3200000000,26285.9300000000
2023-09-01 14:08:59,BTC-USD,ask,50000.0,0.3,-24620.1800000000,37689.9100000000
2023-09-01 14:08:59,BTC-USD,bid,25379.82,0.0001,-24620.1800000000,37689.9100000000
2023-09-01 14:09:04,BTC-USD,ask,27193.54,0.0001,-2143.4200000000,26121.8300000000
2023-09-01 14:09:04,BTC-USD,bid,25050.12,0.0001,-2143.4200000000,26121.8300000000
2023-09-01 14:09:09,BTC-USD,ask,27315.43,9.185e-05,-2305.9200000000,26162.4700000000
2023-09-01 14:09:09,BTC-USD,bid,25009.51,9.405e-05,-2305.9200000000,26162.4700000000
2023-09-01 14:09:14,BTC-USD,ask,27367.59,0.0001,-2020.4600000000,26357.3600000000
2023-09-01 14:09:14,BTC-USD,bid,25347.13,0.0001,-2020.4600000000,26357.3600000000
2023-09-01 14:09:19,BTC-USD,ask,26766.3,0.0001,-1887.2900000000,25822.6550000000
2023-09-01 14:09:19,BTC-USD,bid,24879.01,0.0001,-1887.2900000000,25822.6550000000
2023-09-01 14:09:24,BTC-USD,ask,26673.34,0.0001,-1835.2400000000,25755.7200000000
2023-09-01 14:09:24,BTC-USD,bid,24838.1,0.0001,-1835.2400000000,25755.7200000000
2023-09-01 14:09:29,BTC-USD,ask,50000.0,0.3,-24887.3100000000,37556.3450000000
2023-09-01 14:09:29,BTC-USD,bid,25112.69,0.0001,-24887.3100000000,37556.3450000000
2023-09-01 14:09:34,BTC-USD,ask,26966.26,0.0001,-2337.1100000000,25797.7050000000
2023-09-01 14:09:34,BTC-USD,bid,24629.15,0.0001,-2337.1100000000,25797.7050000000
2023-09-01 14:09:39,BTC-USD,ask,26907.62,0.0001,-2135.4600000000,25839.8900000000
2023-09-01 14:09:39,BTC-USD,bid,24772.16,0.0001,-2135.4600000000,25839.8900000000
2023-09-01 14:09:44,BTC-USD,ask,27381.94,0.0001,-2342.8500000000,26210.5150000000
2023-09-01 14:09:44,BTC-USD,bid,25039.09,0.0001,-2342.8500000000,26210.5150000000
2023-09-01 14:09:49,BTC-USD,ask,27569.14,0.0001,-2160.8000000000,26488.7400000000
2023-09-01 14:09:49,BTC-USD,bid,25408.34,0.0001,-2160.8000000000,26488.7400000000
2023-09-01 14:09:54,BTC-USD,ask,27459.66,0.0001,-2293.2800000000,26313.0200000000
2023-09-01 14:09:54,BTC-USD,bid,25166.38,0.0001,-2293.2800000000,26313.0200000000
2023-09-01 14:09:59,BTC-USD,ask,50000.0,0.3,-24607.6500000000,37696.1750000000
2023-09-01 14:09:59,BTC-USD,bid,25392.35,0.0001,-24607.6500000000,37696.1750000000
2023-09-01 14:10:04,BTC-USD,ask,27107.06,0.0001,-2286.4400000000,25963.8400000000
2023-09-01 14:10:04,BTC-USD,bid,24820.62,0.0001,-2286.4400000000,25963.8400000000
2023-09-01 14:10:09,BTC-USD,ask,27401.07,0.0001,-2166.0300000000,26318.0550000000
2023-09-01 14:10:09,BTC-USD,bid,25235.04,0.0001,-2166.0300000000,26318.0550000000
2023-09-01 14:10:14,BTC-USD,ask,50000.0,0.3,-24836.6500000000,37581.6750000000
2023-09-01 14:10:14,BTC-USD,bid,25163.35,0.0001,-24836.6500000000,37581.6750000000
2023-09-01 14:10:19,BTC-USD,ask,27575.62,0.0001,-1783.9100000000,26683.6650000000
2023-09-01 14:10:19,BTC-USD,bid,25791.71,0.0001,-1783.9100000000,26683.6650000000
2023-09-01 14:10:24,BTC-USD,ask,27242.28,0.0001,-2470.1200000000,26007.2200000000
2023-09-01 14:10:24,BTC-USD,bid,24772.16,9.083e-05,-2470.1200000000,26007.2200000000
2023-09-01 14:10:29,BTC-USD,ask,50000.0,0.3,-24835.4900000000,37582.2550000000
2023-09-01 14:10:29,BTC-USD,bid,25164.51,0.0001,-24835.4900000000,37582.2550000000
2023-09-01 14:10:34,BTC-USD,ask,26857.4,0.0001,-1533.1600000000,26090.8200000000
2023-09-01 14:10:34,BTC-USD,bid,25324.24,0.0001,-1533.1600000000,26090.8200000000
2023-09-01 14:10:39,BTC-USD,ask,27420.3,0.0001,-2001.9500000000,26419.3250000000
2023-09-01 14:10:39,BTC-USD,bid,25418.35,0.0001,-2001.9500000000,26419.3250000000
2023-09-01 14:10:44,BTC-USD,ask,50000.0,0.3,-24099.9800000000,37950.0100000000
2023-09-01 14:10:44,BTC-USD,bid,25900.02,0.0001,-24099.9800000000,37950.0100000000
2023-09-01 14:10:49,BTC-USD,ask,27334.82,0.0001,-1614.8200000000,26527.4100000000
2023-09-01 14:10:49,BTC-USD,bid,25720.0,0.0001,-1614.8200000000,26527.4100000000
2023-09-01 14:10:54,BTC-USD,ask,26330.0,662.42386829,-1227.4600000000,25716.2700000000
2023-09-01 14:10:54,BTC-USD,bid,25102.54,0.0001,-1227.4600000000,25716.2700000000
2023-09-01 14:10:59,BTC-USD,ask,50000.0,0.3,-25050.5700000000,37474.7150000000
2023-09-01 14:10:59,BTC-USD,bid,24949.43,0.0001,-25050.5700000000,37474.7150000000
2023-09-01 14:11:04,BTC-USD,ask,27411.85,0.0001,-2211.3500000000,26306.1750000000
2023-09-01 14:11:04,BTC-USD,bid,25200.5,0.0001,-2211.3500000000,26306.1750000000
2023-09-01 14:11:09,BTC-USD,ask,27183.13,0.0001,-2388.5800000000,25988.8400000000
2023-09-01 14:11:09,BTC-USD,bid,24794.55,0.0001,-2388.5800000000,25988.8400000000
2023-09-01 14:11:14,BTC-USD,ask,50000.0,0.3,-25271.4100000000,37364.2950000000
2023-09-01 14:11:14,BTC-USD,bid,24728.59,0.0001,-25271.4100000000,37364.2950000000
2023-09-01 14:11:19,BTC-USD,ask,26735.87,0.0001,-1763.0300000000,25854.3550000000
2023-09-01 14:11:19,BTC-USD,bid,24972.84,0.0001,-1763.0300000000,25854.3550000000
2023-09-01 14:11:24,BTC-USD,ask,26951.27,0.0001,-1949.7700000000,25976.3850000000
2023-09-01 14:11:24,BTC-USD,bid,25001.5,0.0001,-1949.7700000000,25976.3850000000
2023-09-01 14:11:29,BTC-USD,ask,50000.0,0.3,-25166.0300000000,37416.9850000000
2023-09-01 14:11:29,BTC-USD,bid,24833.97,0.0001,-25166.0300000000,37416.9850000000
2023-09-01 14:11:34,BTC-USD,ask,26804.7,0.0001,-1976.6000000000,25816.4000000000
2023-09-01 14:11:34,BTC-USD,bid,24828.1,0.0001,-1976.6000000000,25816.4000000000
2023-09-01 14:11:39,BTC-USD,ask,26821.18,0.0001,-1295.9900000000,26173.1850000000
2023-09-01 14:11:39,BTC-USD,bid,25525.19,0.0001,-1295.9900000000,26173.1850000000
2023-09-01 14:11:44,BTC-USD,ask,26416.73,0.0001,-1170.2200000000,25831.6200000000
2023-09-01 14:11:44,BTC-USD,bid,25246.51,0.0001,-1170.2200000000,25831.6200000000
2023-09-01 14:11:49,BTC-USD,ask,26892.27,9.704e-05,-2163.6800000000,25810.4300000000
2023-09-01 14:11:49,BTC-USD,bid,24728.59,9.791e-05,-2163.6800000000,25810.4300000000
2023-09-01 14:11:54,BTC-USD,ask,26967.45,0.0001,-2362.3400000000,25786.2800000000
2023-09-01 14:11:54,BTC-USD,bid,24605.11,0.0001,-2362.3400000000,25786.2800000000
2023-09-01 14:11:59,BTC-USD,ask,50000.0,0.3,-25127.4300000000,37436.2850000000
2023-09-01 14:11:59,BTC-USD,bid,24872.57,0.0001,-25127.4300000000,37436.2850000000
2023-09-01 14:12:04,BTC-USD,ask,27050.39,0.0001,-2034.9600000000,26032.9100000000
2023-09-01 14:12:04,BTC-USD,bid,25015.43,0.0001,-2034.9600000000,26032.9100000000
2023-09-01 14:12:09,BTC-USD,ask,26700.92,0.0001,-1847.6600000000,25777.0900000000
2023-09-01 14:12:09,BTC-USD,bid,24853.26,0.0001,-1847.6600000000,25777.0900000000
2023-09-01 14:12:14,BTC-USD,ask,27199.95,0.0001,-2021.9700000000,26188.9650000000
2023-09-01 14:12:14,BTC-USD,bid,25177.98,0.0001,-2021.9700000000,26188.9650000000
2023-09-01 14:12:19,BTC-USD,ask,27139.82,0.0001,-1903.3600000000,26188.1400000000
2023-09-01 14:12:19,BTC-USD,bid,25236.46,0.0001,-1903.3600000000,26188.1400000000
2023-09-01 14:12:24,BTC-USD,ask,26966.59,0.0001,-2057.1100000000,25938.0350000000
2023-09-01 14:12:24,BTC-USD,bid,24909.48,0.0001,-2057.1100000000,25938.0350000000
2023-09-01 14:12:29,BTC-USD,ask,50000.0,0.3,-25012.8300000000,37493.5850000000
2023-09-01 14:12:29,BTC-USD,bid,24987.17,0.0001,-25012.8300000000,37493.5850000000
2023-09-01 14:12:34,BTC-USD,ask,26731.53,0.0001,-1506.6600000000,25978.2000000000
2023-09-01 14:12:34,BTC-USD,bid,25224.87,0.0001,-1506.6600000000,25978.2000000000
2023-09-01 14:12:39,BTC-USD,ask,27072.0,0.0001,-2323.8500000000,25910.0750000000
2023-09-01 14:12:39,BTC-USD,bid,24748.15,0.0001,-2323.8500000000,25910.0750000000
2023-09-01 14:12:44,BTC-USD,ask,27036.15,0.0001,-2052.0500000000,26010.1250000000
2023-09-01 14:12:44,BTC-USD,bid,24984.1,0.0001,-2052.0500000000,26010.1250000000
2023-09-01 14:12:49,BTC-USD,ask,26988.98,0.0001,-2186.7500000000,25895.6050000000
2023-09-01 14:12:49,BTC-USD,bid,24802.23,0.0001,-2186.7500000000,25895.6050000000
2023-09-01 14:12:54,BTC-USD,ask,26955.93,0.0001,-2167.9100000000,25871.9750000000
2023-09-01 14:12:54,BTC-USD,bid,24788.02,0.0001,-2167.9100000000,25871.9750000000
2023-09-01 14:12:59,BTC-USD,ask,27302.41,0.0001,-2363.7800000000,26120.5200000000
2023-09-01 14:12:59,BTC-USD,bid,24938.63,0.0001,-2363.7800000000,26120.5200000000
2023-09-01 14:13:04,BTC-USD,ask,26961.76,0.0001,-2163.2800000000,25880.1200000000
2023-09-01 14:13:04,BTC-USD,bid,24798.48,0.0001,-2163.2800000000,25880.1200000000
2023-09-01 14:13:09,BTC-USD,ask,27333.09,0.0001,-2542.4800000000,26061.8500000000
2023-09-01 14:13:09,BTC-USD,bid,24790.61,0.0001,-2542.4800000000,26061.8500000000
2023-09-01 14:13:14,BTC-USD,ask,27267.62,0.0001,-2484.6500000000,26025.2950000000
2023-09-01 14:13:14,BTC-USD,bid,24782.97,0.0001,-2484.6500000000,26025.2950000000
2023-09-01 14:13:19,BTC-USD,ask,27371.78,0.0001,-2235.3100000000,26254.1250000000
2023-09-01 14:13:19,BTC-USD,bid,25136.47,0.0001,-2235.3100000000,26254.1250000000
2023-09-01 14:13:24,BTC-USD,ask,27270.0,0.0001,-2364.8000000000,26087.6000000000
2023-09-01 14:13:24,BTC-USD,bid,24905.2,0.0001,-2364.8000000000,26087.6000000000
2023-09-01 14:13:29,BTC-USD,ask,50000.0,0.3,-24679.2900000000,37660.3550000000
2023-09-01 14:13:29,BTC-USD,bid,25320.71,0.0001,-24679.2900000000,37660.3550000000
2023-09-01 14:13:34,BTC-USD,ask,27339.76,0.0001,-2054.5200000000,26312.5000000000
2023-09-01 14:13:34,BTC-USD,bid,25285.24,0.0001,-2054.5200000000,26312.5000000000
2023-09-01 14:13:39,BTC-USD,bid,25803.79,0.0001,-67.6400000000,25769.9700000000
2023-09-01 14:13:39,BTC-USD,bid,25736.15,0.0001,-67.6400000000,25769.9700000000
2023-09-01 14:13:44,BTC-USD,ask,50000.0,0.3,-25308.2800000000,37345.8600000000
2023-09-01 14:13:44,BTC-USD,bid,24691.72,0.0001,-25308.2800000000,37345.8600000000
2023-09-01 14:13:49,BTC-USD,ask,26784.2,0.0001,-2108.0100000000,25730.1950000000
2023-09-01 14:13:49,BTC-USD,bid,24676.19,0.0001,-2108.0100000000,25730.1950000000
2023-09-01 14:13:54,BTC-USD,ask,26771.89,0.0001,-1356.6400000000,26093.5700000000
2023-09-01 14:13:54,BTC-USD,bid,25415.25,0.0001,-1356.6400000000,26093.5700000000
2023-09-01 14:13:59,BTC-USD,ask,27119.71,0.0001,-2491.1200000000,25874.1500000000
2023-09-01 14:13:59,BTC-USD,bid,24628.59,0.0001,-2491.1200000000,25874.1500000000
2023-09-01 14:14:04,BTC-USD,ask,27346.8,0.0001,-2388.6100000000,26152.4950000000
2023-09-01 14:14:04,BTC-USD,bid,24958.19,0.0001,-2388.6100000000,26152.4950000000
2023-09-01 14:14:09,BTC-USD,ask,27215.93,0.0001,-2003.8200000000,26214.0200000000
2023-09-01 14:14:09,BTC-USD,bid,25212.11,0.0001,-2003.8200000000,26214.0200000000
2023-09-01 14:14:14,BTC-USD,ask,27119.46,0.0001,-1968.2100000000,26135.3550000000
2023-09-01 14:14:14,BTC-USD,bid,25151.25,0.0001,-1968.2100000000,26135.3550000000
2023-09-01 14:14:19,BTC-USD,ask,27393.08,0.0001,-1987.6300000000,26399.2650000000
2023-09-01 14:14:19,BTC-USD,bid,25405.45,0.0001,-1987.6300000000,26399.2650000000
2023-09-01 14:14:24,BTC-USD,ask,27235.86,0.0001,-1898.7900000000,26286.4650000000
2023-09-01 14:14:24,BTC-USD,bid,25337.07,0.0001,-1898.7900000000,26286.4650000000
2023-09-01 14:14:29,BTC-USD,ask,50000.0,0.3,-25269.6700000000,37365.1650000000
2023-09-01 14:14:29,BTC-USD,bid,24730.33,0.0001,-25269.6700000000,37365.1650000000
2023-09-01 14:14:34,BTC-USD,ask,26848.83,0.0001,-1080.0500000000,26308.8050000000
2023-09-01 14:14:34,BTC-USD,bid,25768.78,0.0001,-1080.0500000000,26308.8050000000
2023-09-01 14:14:39,BTC-USD,ask,27252.78,0.0001,-2614.8100000000,25945.3750000000
2023-09-01 14:14:39,BTC-USD,bid,24637.97,0.0001,-2614.8100000000,25945.3750000000
2023-09-01 14:14:44,BTC-USD,ask,50000.0,0.3,-25371.4100000000,37314.2950000000
2023-09-01 14:14:44,BTC-USD,bid,24628.59,9.048e-05,-25371.4100000000,37314.2950000000
2023-09-01 14:14:49,BTC-USD,ask,29046.84,8.39e-05,-3977.1000000000,27058.2900000000
2023-09-01 14:14:49,BTC-USD,bid,25069.74,0.0001,-3977.1000000000,27058.2900000000
2023-09-01 14:14:54,BTC-USD,ask,27594.05,0.0001,-2965.4600000000,26111.3200000000
2023-09-01 14:14:54,BTC-USD,bid,24628.59,8.395e-05,-2965.4600000000,26111.3200000000
2023-09-01 14:14:59,BTC-USD,ask,29046.84,7.913e-05,-4418.2500000000,26837.7150000000
2023-09-01 14:14:59,BTC-USD,bid,24628.59,8.234e-05,-4418.2500000000,26837.7150000000
2023-09-01 14:15:04,BTC-USD,ask,27304.08,0.0001,-2223.2400000000,26192.4600000000
2023-09-01 14:15:04,BTC-USD,bid,25080.84,0.0001,-2223.2400000000,26192.4600000000
2023-09-01 14:15:09,BTC-USD,ask,27456.25,0.0001,-2388.8900000000,26261.8050000000
2023-09-01 14:15:09,BTC-USD,bid,25067.36,0.0001,-2388.8900000000,26261.8050000000
2023-09-01 14:15:14,BTC-USD,ask,50000.0,0.3,-24604.5200000000,37697.7400000000
2023-09-01 14:15:14,BTC-USD,bid,25395.48,0.0001,-24604.5200000000,37697.7400000000
2023-09-01 14:15:19,BTC-USD,ask,27045.17,0.0001,-1579.4000000000,26255.4700000000
2023-09-01 14:15:19,BTC-USD,bid,25465.77,0.0001,-1579.4000000000,26255.4700000000
2023-09-01 14:15:24,BTC-USD,ask,27525.29,0.0001,-2138.6200000000,26455.9800000000
2023-09-01 14:15:24,BTC-USD,bid,25386.67,0.0001,-2138.6200000000,26455.9800000000
2023-09-01 14:15:29,BTC-USD,ask,50000.0,0.3,-24224.3500000000,37887.8250000000
2023-09-01 14:15:29,BTC-USD,bid,25775.65,0.0001,-24224.3500000000,37887.8250000000
2023-09-01 14:15:34,BTC-USD,ask,26891.21,0.0001,-1609.1500000000,26086.6350000000
2023-09-01 14:15:34,BTC-USD,bid,25282.06,0.0001,-1609.1500000000,26086.6350000000
2023-09-01 14:15:39,BTC-USD,ask,26921.44,0.0001,-973.3500000000,26434.7650000000
2023-09-01 14:15:39,BTC-USD,bid,25948.09,0.0001,-973.3500000000,26434.7650000000
2023-09-01 14:15:44,BTC-USD,ask,50000.0,0.3,-24757.6700000000,37621.1650000000
2023-09-01 14:15:44,BTC-USD,bid,25242.33,0.0001,-24757.6700000000,37621.1650000000
2023-09-01 14:15:49,BTC-USD,ask,27563.28,0.0001,-1764.2000000000,26681.1800000000
2023-09-01 14:15:49,BTC-USD,bid,25799.08,0.0001,-1764.2000000000,26681.1800000000
2023-09-01 14:15:54,BTC-USD,ask,27463.54,0.0001,-2279.5200000000,26323.7800000000
2023-09-01 14:15:54,BTC-USD,bid,25184.02,0.0001,-2279.5200000000,26323.7800000000
2023-09-01 14:15:59,BTC-USD,ask,50000.0,0.3,-24749.9400000000,37625.0300000000
2023-09-01 14:15:59,BTC-USD,bid,25250.06,0.0001,-24749.9400000000,37625.0300000000
2023-09-01 14:16:04,BTC-USD,ask,27393.56,0.0001,-2267.8400000000,26259.6400000000
2023-09-01 14:16:04,BTC-USD,bid,25125.72,0.0001,-2267.8400000000,26259.6400000000
2023-09-01 14:16:09,BTC-USD,ask,27563.28,9.598e-05,-2180.9500000000,26472.8050000000
2023-09-01 14:16:09,BTC-USD,bid,25382.33,0.0001,-2180.9500000000,26472.8050000000
2023-09-01 14:16:14,BTC-USD,ask,26726.76,0.0001,-1603.7400000000,25924.8900000000
2023-09-01 14:16:14,BTC-USD,bid,25123.02,0.0001,-1603.7400000000,25924.8900000000
2023-09-01 14:16:19,BTC-USD,ask,27525.29,9.601e-05,-1967.5300000000,26541.5250000000
2023-09-01 14:16:19,BTC-USD,bid,25557.76,0.0001,-1967.5300000000,26541.5250000000
2023-09-01 14:16:24,BTC-USD,ask,27472.76,0.0001,-2333.8800000000,26305.8200000000
2023-09-01 14:16:24,BTC-USD,bid,25138.88,0.0001,-2333.8800000000,26305.8200000000
2023-09-01 14:16:29,BTC-USD,ask,50000.0,0.3,-24612.5300000000,37693.7350000000
2023-09-01 14:16:29,BTC-USD,bid,25387.47,0.0001,-24612.5300000000,37693.7350000000
2023-09-01 14:16:34,BTC-USD,ask,26922.88,0.0001,-1398.4600000000,26223.6500000000
2023-09-01 14:16:34,BTC-USD,bid,25524.42,0.0001,-1398.4600000000,26223.6500000000
2023-09-01 14:16:39,BTC-USD,ask,27487.16,0.0001,-2422.2600000000,26276.0300000000
2023-09-01 14:16:39,BTC-USD,bid,25064.9,0.0001,-2422.2600000000,26276.0300000000
2023-09-01 14:16:44,BTC-USD,ask,50000.0,0.3,-24701.0500000000,37649.4750000000
2023-09-01 14:16:44,BTC-USD,bid,25298.95,0.0001,-24701.0500000000,37649.4750000000
2023-09-01 14:16:49,BTC-USD,ask,27630.64,0.0001,-2393.7300000000,26433.7750000000
2023-09-01 14:16:49,BTC-USD,bid,25236.91,0.0001,-2393.7300000000,26433.7750000000
2023-09-01 14:16:54,BTC-USD,ask,27423.25,0.0001,-2303.0000000000,26271.7500000000
2023-09-01 14:16:54,BTC-USD,bid,25120.25,0.0001,-2303.0000000000,26271.7500000000
2023-09-01 14:16:59,BTC-USD,ask,27442.89,0.0001,-2285.2000000000,26300.2900000000
2023-09-01 14:16:59,BTC-USD,bid,25157.69,0.0001,-2285.2000000000,26300.2900000000
2023-09-01 14:17:04,BTC-USD,ask,27612.93,0.0001,-2196.9600000000,26514.4500000000
2023-09-01 14:17:04,BTC-USD,bid,25415.97,0.0001,-2196.9600000000,26514.4500000000
2023-09-01 14:17:09,BTC-USD,ask,27587.49,0.0001,-2035.5000000000,26569.7400000000
2023-09-01 14:17:09,BTC-USD,bid,25551.99,0.0001,-2035.5000000000,26569.7400000000
2023-09-01 14:17:14,BTC-USD,ask,27453.98,0.0001,-2246.0500000000,26330.9550000000
2023-09-01 14:17:14,BTC-USD,bid,25207.93,0.0001,-2246.0500000000,26330.9550000000
2023-09-01 14:17:19,BTC-USD,ask,27276.49,0.0001,-1528.3500000000,26512.3150000000
2023-09-01 14:17:19,BTC-USD,bid,25748.14,0.0001,-1528.3500000000,26512.3150000000
2023-09-01 14:17:24,BTC-USD,ask,27408.06,0.0001,-2265.3600000000,26275.3800000000
2023-09-01 14:17:24,BTC-USD,bid,25142.7,0.0001,-2265.3600000000,26275.3800000000
2023-09-01 14:17:29,BTC-USD,ask,50000.0,0.3,-24948.9600000000,37525.5200000000
2023-09-01 14:17:29,BTC-USD,bid,25051.04,0.0001,-24948.9600000000,37525.5200000000
2023-09-01 14:17:34,BTC-USD,ask,27308.7,0.0001,-1607.6500000000,26504.8750000000
2023-09-01 14:17:34,BTC-USD,bid,25701.05,0.0001,-1607.6500000000,26504.8750000000
2023-09-01 14:17:39,BTC-USD,ask,27409.12,0.0001,-2378.1200000000,26220.0600000000
2023-09-01 14:17:39,BTC-USD,bid,25031.0,0.0001,-2378.1200000000,26220.0600000000
2023-09-01 14:17:44,BTC-USD,ask,50000.0,0.3,-24811.0900000000,37594.4550000000
2023-09-01 14:17:44,BTC-USD,bid,25188.91,0.0001,-24811.0900000000,37594.4550000000
2023-09-01 14:17:49,BTC-USD,ask,27509.09,0.0001,-2442.8600000000,26287.6600000000
2023-09-01 14:17:49,BTC-USD,bid,25066.23,0.0001,-2442.8600000000,26287.6600000000
2023-09-01 14:17:54,BTC-USD,ask,27303.75,0.0001,-2120.4900000000,26243.5050000000
2023-09-01 14:17:54,BTC-USD,bid,25183.26,0.0001,-2120.4900000000,26243.5050000000
2023-09-01 14:17:59,BTC-USD,ask,50000.0,0.3,-24506.1700000000,37746.9150000000
2023-09-01 14:17:59,BTC-USD,bid,25493.83,0.0001,-24506.1700000000,37746.9150000000
2023-09-01 14:18:04,BTC-USD,ask,26717.24,0.0001,-1050.4900000000,26191.9950000000
2023-09-01 14:18:04,BTC-USD,bid,25666.75,0.0001,-1050.4900000000,26191.9950000000
2023-09-01 14:18:09,BTC-USD,ask,27382.17,0.0001,-1907.8700000000,26428.2350000000
2023-09-01 14:18:09,BTC-USD,bid,25474.3,0.0001,-1907.8700000000,26428.2350000000
2023-09-01 14:18:14,BTC-USD,ask,50000.0,0.3,-24809.6000000000,37595.2000000000
2023-09-01 14:18:14,BTC-USD,bid,25190.4,0.0001,-24809.6000000000,37595.2000000000
2023-09-01 14:18:19,BTC-USD,ask,27557.98,0.0001,-2493.1200000000,26311.4200000000
2023-09-01 14:18:19,BTC-USD,bid,25064.86,0.0001,-2493.1200000000,26311.4200000000
2023-09-01 14:18:24,BTC-USD,ask,27594.36,0.0001,-2547.8200000000,26320.4500000000
2023-09-01 14:18:24,BTC-USD,bid,25046.54,0.0001,-2547.8200000000,26320.4500000000
2023-09-01 14:18:29,BTC-USD,ask,50000.0,0.3,-25135.3200000000,37432.3400000000
2023-09-01 14:18:29,BTC-USD,bid,24864.68,0.0001,-25135.3200000000,37432.3400000000
2023-09-01 14:18:34,BTC-USD,ask,27342.06,0.0001,-2339.8100000000,26172.1550000000
2023-09-01 14:18:34,BTC-USD,bid,25002.25,0.0001,-2339.8100000000,26172.1550000000
2023-09-01 14:18:39,BTC-USD,ask,27357.95,0.0001,-2230.4800000000,26242.7100000000
2023-09-01 14:18:39,BTC-USD,bid,25127.47,0.0001,-2230.4800000000,26242.7100000000
2023-09-01 14:18:44,BTC-USD,ask,50000.0,0.3,-24599.3200000000,37700.3400000000
2023-09-01 14:18:44,BTC-USD,bid,25400.68,0.0001,-24599.3200000000,37700.3400000000
2023-09-01 14:18:49,BTC-USD,ask,27107.93,0.0001,-2101.4300000000,26057.2150000000
2023-09-01 14:18:49,BTC-USD,bid,25006.5,0.0001,-2101.4300000000,26057.2150000000
2023-09-01 14:18:54,BTC-USD,ask,27437.25,0.0001,-2513.3900000000,26180.5550000000
2023-09-01 14:18:54,BTC-USD,bid,24923.86,0.0001,-2513.3900000000,26180.5550000000
2023-09-01 14:18:59,BTC-USD,ask,27147.54,0.0001,-1762.4900000000,26266.2950000000
2023-09-01 14:18:59,BTC-USD,bid,25385.05,0.0001,-1762.4900000000,26266.2950000000
2023-09-01 14:19:04,BTC-USD,ask,27095.25,0.0001,-1501.9500000000,26344.2750000000
2023-09-01 14:19:04,BTC-USD,bid,25593.3,0.0001,-1501.9500000000,26344.2750000000
2023-09-01 14:19:09,BTC-USD,ask,27202.54,0.0001,-2056.6500000000,26174.2150000000
2023-09-01 14:19:09,BTC-USD,bid,25145.89,0.0001,-2056.6500000000,26174.2150000000
2023-09-01 14:19:14,BTC-USD,ask,26657.27,0.0001,-1779.8200000000,25767.3600000000
2023-09-01 14:19:14,BTC-USD,bid,24877.45,0.0001,-1779.8200000000,25767.3600000000
2023-09-01 14:19:19,BTC-USD,ask,27129.14,0.0001,-1837.4600000000,26210.4100000000
2023-09-01 14:19:19,BTC-USD,bid,25291.68,0.0001,-1837.4600000000,26210.4100000000
2023-09-01 14:19:24,BTC-USD,ask,27279.12,0.0001,-2448.8600000000,26054.6900000000
2023-09-01 14:19:24,BTC-USD,bid,24830.26,0.0001,-2448.8600000000,26054.6900000000
2023-09-01 14:19:30,BTC-USD,ask,27010.37,0.0001,-2191.5300000000,25914.6050000000
2023-09-01 14:19:30,BTC-USD,bid,24818.84,0.0001,-2191.5300000000,25914.6050000000
2023-09-01 14:19:35,BTC-USD,ask,27095.25,0.0001,-1998.0700000000,26096.2150000000
2023-09-01 14:19:35,BTC-USD,bid,25097.18,0.0001,-1998.0700000000,26096.2150000000
2023-09-01 14:19:40,BTC-USD,ask,27139.52,0.0001,-2560.1000000000,25859.4700000000
2023-09-01 14:19:40,BTC-USD,bid,24579.42,0.0001,-2560.1000000000,25859.4700000000
2023-09-01 14:19:45,BTC-USD,ask,50000.0,0.3,-25218.2100000000,37390.8950000000
2023-09-01 14:19:45,BTC-USD,bid,24781.79,0.0001,-25218.2100000000,37390.8950000000
2023-09-01 14:19:50,BTC-USD,ask,27613.91,0.0001,-2716.4900000000,26255.6650000000
2023-09-01 14:19:50,BTC-USD,bid,24897.42,0.0001,-2716.4900000000,26255.6650000000
2023-09-01 14:19:55,BTC-USD,ask,27562.62,0.0001,-2253.5000000000,26435.8700000000
2023-09-01 14:19:55,BTC-USD,bid,25309.12,0.0001,-2253.5000000000,26435.8700000000
2023-09-01 14:20:00,BTC-USD,ask,26330.0,662.41938294,-58.7900000000,26300.6050000000
2023-09-01 14:20:00,BTC-USD,bid,26271.21,0.0001,-58.7900000000,26300.6050000000
2023-09-01 14:20:05,BTC-USD,ask,27538.98,0.0001,-2500.3300000000,26288.8150000000
2023-09-01 14:20:05,BTC-USD,bid,25038.65,0.0001,-2500.3300000000,26288.8150000000
2023-09-01 14:20:10,BTC-USD,ask,26408.36,0.0001,-622.5800000000,26097.0700000000
2023-09-01 14:20:10,BTC-USD,bid,25785.78,0.0001,-622.5800000000,26097.0700000000
2023-09-01 14:20:15,BTC-USD,ask,27479.35,0.0001,-2246.7300000000,26355.9850000000
2023-09-01 14:20:15,BTC-USD,bid,25232.62,0.0001,-2246.7300000000,26355.9850000000
2023-09-01 14:20:20,BTC-USD,ask,27370.41,0.0001,-1992.0700000000,26374.3750000000
2023-09-01 14:20:20,BTC-USD,bid,25378.34,0.0001,-1992.0700000000,26374.3750000000
2023-09-01 14:20:25,BTC-USD,ask,27097.03,0.0001,-1980.9600000000,26106.5500000000
2023-09-01 14:20:25,BTC-USD,bid,25116.07,0.0001,-1980.9600000000,26106.5500000000
2023-09-01 14:20:30,BTC-USD,ask,50000.0,0.3,-25233.8200000000,37383.0900000000
2023-09-01 14:20:30,BTC-USD,bid,24766.18,0.0001,-25233.8200000000,37383.0900000000
2023-09-01 14:20:35,BTC-USD,ask,27159.69,0.0001,-1531.1900000000,26394.0950000000
2023-09-01 14:20:35,BTC-USD,bid,25628.5,0.0001,-1531.1900000000,26394.0950000000
2023-09-01 14:20:40,BTC-USD,ask,27116.94,0.0001,-2294.8400000000,25969.5200000000
2023-09-01 14:20:40,BTC-USD,bid,24822.1,0.0001,-2294.8400000000,25969.5200000000
2023-09-01 14:20:45,BTC-USD,ask,50000.0,0.3,-25190.0300000000,37404.9850000000
2023-09-01 14:20:45,BTC-USD,bid,24809.97,0.0001,-25190.0300000000,37404.9850000000
2023-09-01 14:20:50,BTC-USD,ask,26536.9,0.0001,-1657.3800000000,25708.2100000000
2023-09-01 14:20:50,BTC-USD,bid,24879.52,0.0001,-1657.3800000000,25708.2100000000
2023-09-01 14:20:55,BTC-USD,ask,27169.2,0.0001,-2216.8400000000,26060.7800000000
2023-09-01 14:20:55,BTC-USD,bid,24952.36,0.0001,-2216.8400000000,26060.7800000000
2023-09-01 14:21:00,BTC-USD,ask,27365.31,0.0001,-2232.4700000000,26249.0750000000
2023-09-01 14:21:00,BTC-USD,bid,25132.84,0.0001,-2232.4700000000,26249.0750000000
2023-09-01 14:21:05,BTC-USD,ask,27467.23,0.0001,-1403.8300000000,26765.3150000000
2023-09-01 14:21:05,BTC-USD,bid,26063.4,0.0001,-1403.8300000000,26765.3150000000
2023-09-01 14:21:10,BTC-USD,ask,27439.24,0.0001,-1992.5600000000,26442.9600000000
2023-09-01 14:21:10,BTC-USD,bid,25446.68,0.0001,-1992.5600000000,26442.9600000000
2023-09-01 14:21:15,BTC-USD,ask,26698.47,0.0001,-1730.8300000000,25833.0550000000
2023-09-01 14:21:15,BTC-USD,bid,24967.64,0.0001,-1730.8300000000,25833.0550000000
2023-09-01 14:21:20,BTC-USD,ask,27231.94,0.0001,-2630.7200000000,25916.5800000000
2023-09-01 14:21:20,BTC-USD,bid,24601.22,0.0001,-2630.7200000000,25916.5800000000
2023-09-01 14:21:25,BTC-USD,ask,26444.12,0.0001,-1511.1500000000,25688.5450000000
2023-09-01 14:21:25,BTC-USD,bid,24932.97,0.0001,-1511.1500000000,25688.5450000000
2023-09-01 14:21:30,BTC-USD,ask,50000.0,0.3,-24963.1500000000,37518.4250000000
2023-09-01 14:21:30,BTC-USD,bid,25036.85,0.0001,-24963.1500000000,37518.4250000000
2023-09-01 14:21:35,BTC-USD,ask,27027.35,0.0001,-2223.1500000000,25915.7750000000
2023-09-01 14:21:35,BTC-USD,bid,24804.2,0.0001,-2223.1500000000,25915.7750000000
2023-09-01 14:21:40,BTC-USD,ask,27016.48,0.0001,-2045.4600000000,25993.7500000000
2023-09-01 14:21:40,BTC-USD,bid,24971.02,0.0001,-2045.4600000000,25993.7500000000
2023-09-01 14:21:45,BTC-USD,ask,50000.0,0.3,-23055.0400000000,38472.4800000000
2023-09-01 14:21:45,BTC-USD,ask,26944.96,0.0001,-23055.0400000000,38472.4800000000
2023-09-01 14:21:50,BTC-USD,ask,26686.68,0.0001,-1296.5400000000,26038.4100000000
2023-09-01 14:21:50,BTC-USD,bid,25390.14,0.0001,-1296.5400000000,26038.4100000000
2023-09-01 14:21:55,BTC-USD,ask,27231.94,9.719e-05,-2515.5300000000,25974.1750000000
2023-09-01 14:21:55,BTC-USD,bid,24716.41,0.0001,-2515.5300000000,25974.1750000000
2023-09-01 14:22:00,BTC-USD,ask,50000.0,0.3,-25293.3600000000,37353.3200000000
2023-09-01 14:22:00,BTC-USD,bid,24706.64,0.0001,-25293.3600000000,37353.3200000000
2023-09-01 14:22:05,BTC-USD,ask,27231.94,9.545e-05,-2414.7000000000,26024.5900000000
2023-09-01 14:22:05,BTC-USD,bid,24817.24,9.077e-05,-2414.7000000000,26024.5900000000
2023-09-01 14:22:10,BTC-USD,ask,26933.68,0.0001,-1373.6000000000,26246.8800000000
2023-09-01 14:22:10,BTC-USD,bid,25560.08,0.0001,-1373.6000000000,26246.8800000000
2023-09-01 14:22:15,BTC-USD,ask,50000.0,0.3,-24732.5000000000,37633.7500000000
2023-09-01 14:22:15,BTC-USD,bid,25267.5,0.0001,-24732.5000000000,37633.7500000000
2023-09-01 14:22:20,BTC-USD,ask,27281.94,0.0001,-2300.6700000000,26131.6050000000
2023-09-01 14:22:20,BTC-USD,bid,24981.27,0.0001,-2300.6700000000,26131.6050000000
2023-09-01 14:22:25,BTC-USD,ask,27276.57,0.0001,-1390.8600000000,26581.1400000000
2023-09-01 14:22:25,BTC-USD,bid,25885.71,0.0001,-1390.8600000000,26581.1400000000
2023-09-01 14:22:30,BTC-USD,ask,50000.0,0.3,-25158.6200000000,37420.6900000000
2023-09-01 14:22:30,BTC-USD,bid,24841.38,0.0001,-25158.6200000000,37420.6900000000
2023-09-01 14:22:35,BTC-USD,ask,27399.94,0.0001,-2421.4100000000,26189.2350000000
2023-09-01 14:22:35,BTC-USD,bid,24978.53,0.0001,-2421.4100000000,26189.2350000000
2023-09-01 14:22:40,BTC-USD,ask,26857.88,0.0001,-1452.0600000000,26131.8500000000
2023-09-01 14:22:40,BTC-USD,bid,25405.82,0.0001,-1452.0600000000,26131.8500000000
2023-09-01 14:22:45,BTC-USD,ask,27128.91,0.0001,-2296.8300000000,25980.4950000000
2023-09-01 14:22:45,BTC-USD,bid,24832.08,0.0001,-2296.8300000000,25980.4950000000
2023-09-01 14:22:50,BTC-USD,ask,26858.03,0.0001,-1430.8600000000,26142.6000000000
2023-09-01 14:22:50,BTC-USD,bid,25427.17,0.0001,-1430.8600000000,26142.6000000000
2023-09-01 14:22:55,BTC-USD,ask,27096.75,0.0001,-1913.5600000000,26139.9700000000
2023-09-01 14:22:55,BTC-USD,bid,25183.19,0.0001,-1913.5600000000,26139.9700000000
2023-09-01 14:23:00,BTC-USD,ask,50000.0,0.3,-24856.1600000000,37571.9200000000
2023-09-01 14:23:00,BTC-USD,bid,25143.84,0.0001,-24856.1600000000,37571.9200000000
2023-09-01 14:23:05,BTC-USD,ask,26964.68,0.0001,-1982.9600000000,25973.2000000000
2023-09-01 14:23:05,BTC-USD,bid,24981.72,0.0001,-1982.9600000000,25973.2000000000
2023-09-01 14:23:10,BTC-USD,ask,27248.92,0.0001,-2226.4600000000,26135.6900000000
2023-09-01 14:23:10,BTC-USD,bid,25022.46,0.0001,-2226.4600000000,26135.6900000000
2023-09-01 14:23:15,BTC-USD,ask,26895.53,0.0001,-1583.3600000000,26103.8500000000
2023-09-01 14:23:15,BTC-USD,bid,25312.17,0.0001,-1583.3600000000,26103.8500000000
2023-09-01 14:23:20,BTC-USD,ask,27004.57,0.0001,-2043.9500000000,25982.5950000000
2023-09-01 14:23:20,BTC-USD,bid,24960.62,0.0001,-2043.9500000000,25982.5950000000
2023-09-01 14:23:25,BTC-USD,ask,27192.5,0.0001,-1824.3000000000,26280.3500000000
2023-09-01 14:23:25,BTC-USD,bid,25368.2,0.0001,-1824.3000000000,26280.3500000000
2023-09-01 14:23:30,BTC-USD,ask,27497.87,0.0001,-2364.3800000000,26315.6800000000
2023-09-01 14:23:30,BTC-USD,bid,25133.49,0.0001,-2364.3800000000,26315.6800000000
2023-09-01 14:23:35,BTC-USD,ask,26946.43,0.0001,-993.1300000000,26449.8650000000
2023-09-01 14:23:35,BTC-USD,bid,25953.3,0.0001,-993.1300000000,26449.8650000000
2023-09-01 14:23:40,BTC-USD,ask,27158.13,0.0001,-2178.0900000000,26069.0850000000
2023-09-01 14:23:40,BTC-USD,bid,24980.04,0.0001,-2178.0900000000,26069.0850000000
2023-09-01 14:23:45,BTC-USD,ask,50000.0,0.3,-25002.0400000000,37498.9800000000
2023-09-01 14:23:45,BTC-USD,bid,24997.96,0.0001,-25002.0400000000,37498.9800000000
2023-09-01 14:23:50,BTC-USD,ask,27285.84,0.0001,-2401.8400000000,26084.9200000000
2023-09-01 14:23:50,BTC-USD,bid,24884.0,0.0001,-2401.8400000000,26084.9200000000
2023-09-01 14:23:55,BTC-USD,ask,26556.08,0.0001,-1169.6400000000,25971.2600000000
2023-09-01 14:23:55,BTC-USD,bid,25386.44,0.0001,-1169.6400000000,25971.2600000000
2023-09-01 14:24:00,BTC-USD,ask,27639.39,0.0001,-2272.4800000000,26503.1500000000
2023-09-01 14:24:00,BTC-USD,bid,25366.91,0.0001,-2272.4800000000,26503.1500000000
2023-09-01 14:24:05,BTC-USD,ask,27564.97,0.0001,-2417.2500000000,26356.3450000000
2023-09-01 14:24:05,BTC-USD,bid,25147.72,0.0001,-2417.2500000000,26356.3450000000
2023-09-01 14:24:10,BTC-USD,ask,27400.43,0.0001,-2350.9800000000,26224.9400000000
2023-09-01 14:24:10,BTC-USD,bid,25049.45,0.0001,-2350.9800000000,26224.9400000000
2023-09-01 14:24:15,BTC-USD,ask,27559.69,0.0001,-2488.6300000000,26315.3750000000
2023-09-01 14:24:15,BTC-USD,bid,25071.06,0.0001,-2488.6300000000,26315.3750000000
2023-09-01 14:24:20,BTC-USD,ask,27187.31,0.0001,-1082.6300000000,26645.9950000000
2023-09-01 14:24:20,BTC-USD,bid,26104.68,0.0001,-1082.6300000000,26645.9950000000
2023-09-01 14:24:25,BTC-USD,ask,27554.18,0.0001,-2587.8300000000,26260.2650000000
2023-09-01 14:24:25,BTC-USD,bid,24966.35,0.0001,-2587.8300000000,26260.2650000000
2023-09-01 14:24:30,BTC-USD,ask,50000.0,0.3,-24673.3300000000,37663.3350000000
2023-09-01 14:24:30,BTC-USD,bid,25326.67,0.0001,-24673.3300000000,37663.3350000000
2023-09-01 14:24:35,BTC-USD,ask,26995.77,0.0001,-1421.1100000000,26285.2150000000
2023-09-01 14:24:35,BTC-USD,bid,25574.66,0.0001,-1421.1100000000,26285.2150000000
2023-09-01 14:24:40,BTC-USD,ask,27462.18,9.833e-05,-2051.6500000000,26436.3550000000
2023-09-01 14:24:40,BTC-USD,bid,25410.53,0.0001,-2051.6500000000,26436.3550000000
2023-09-01 14:24:45,BTC-USD,ask,50000.0,0.3,-24303.8100000000,37848.0950000000
2023-09-01 14:24:45,BTC-USD,bid,25696.19,0.0001,-24303.8100000000,37848.0950000000
2023-09-01 14:24:50,BTC-USD,ask,27529.96,0.0001,-2006.4100000000,26526.7550000000
2023-09-01 14:24:50,BTC-USD,bid,25523.55,0.0001,-2006.4100000000,26526.7550000000
2023-09-01 14:24:55,BTC-USD,ask,27588.49,0.0001,-1720.4100000000,26728.2850000000
2023-09-01 14:24:55,BTC-USD,bid,25868.08,0.0001,-1720.4100000000,26728.2850000000
2023-09-01 14:25:00,BTC-USD,ask,50000.0,0.3,-25053.1000000000,37473.4500000000
2023-09-01 14:25:00,BTC-USD,bid,24946.9,0.0001,-25053.1000000000,37473.4500000000
2023-09-01 14:25:05,BTC-USD,ask,27100.93,0.0001,-1839.7300000000,26181.0650000000
2023-09-01 14:25:05,BTC-USD,bid,25261.2,0.0001,-1839.7300000000,26181.0650000000
2023-09-01 14:25:10,BTC-USD,ask,27616.55,0.0001,-2594.3300000000,26319.3850000000
2023-09-01 14:25:10,BTC-USD,bid,25022.22,0.0001,-2594.3300000000,26319.3850000000
2023-09-01 14:25:15,BTC-USD,ask,50000.0,0.3,-24900.7600000000,37549.6200000000
2023-09-01 14:25:15,BTC-USD,bid,25099.24,0.0001,-24900.7600000000,37549.6200000000
2023-09-01 14:25:20,BTC-USD,ask,27494.28,0.0001,-1866.6300000000,26560.9650000000
2023-09-01 14:25:20,BTC-USD,bid,25627.65,0.0001,-1866.6300000000,26560.9650000000
2023-09-01 14:25:25,BTC-USD,ask,27191.6,0.0001,-1948.1800000000,26217.5100000000
2023-09-01 14:25:25,BTC-USD,bid,25243.42,0.0001,-1948.1800000000,26217.5100000000
2023-09-01 14:25:30,BTC-USD,ask,27253.17,0.0001,-1033.9800000000,26736.1800000000
2023-09-01 14:25:30,BTC-USD,bid,26219.19,0.0001,-1033.9800000000,26736.1800000000
2023-09-01 14:25:35,BTC-USD,ask,26330.0,662.41628294,-1055.4300000000,25802.2850000000
2023-09-01 14:25:35,BTC-USD,bid,25274.57,0.0001,-1055.4300000000,25802.2850000000
2023-09-01 14:25:40,BTC-USD,ask,26490.24,0.0001,-1342.7500000000,25818.8650000000
2023-09-01 14:25:40,BTC-USD,bid,25147.49,0.0001,-1342.7500000000,25818.8650000000
2023-09-01 14:25:45,BTC-USD,ask,50000.0,0.3,-24803.5700000000,37598.2150000000
2023-09-01 14:25:45,BTC-USD,bid,25196.43,0.0001,-24803.5700000000,37598.2150000000
2023-09-01 14:25:50,BTC-USD,ask,27339.04,0.0001,-2037.3200000000,26320.3800000000
2023-09-01 14:25:50,BTC-USD,bid,25301.72,0.0001,-2037.3200000000,26320.3800000000
2023-09-01 14:25:55,BTC-USD,ask,27430.78,0.0001,-2079.3100000000,26391.1250000000
2023-09-01 14:25:55,BTC-USD,bid,25351.47,0.0001,-2079.3100000000,26391.1250000000
2023-09-01 14:26:00,BTC-USD,ask,50000.0,0.3,-24966.8100000000,37516.5950000000
2023-09-01 14:26:00,BTC-USD,bid,25033.19,0.0001,-24966.8100000000,37516.5950000000
2023-09-01 14:26:05,BTC-USD,ask,27335.17,0.0001,-1959.6400000000,26355.3500000000
2023-09-01 14:26:05,BTC-USD,bid,25375.53,0.0001,-1959.6400000000,26355.3500000000
2023-09-01 14:26:10,BTC-USD,ask,27567.21,0.0001,-2488.3500000000,26323.0350000000
2023-09-01 14:26:10,BTC-USD,bid,25078.86,0.0001,-2488.3500000000,26323.0350000000
2023-09-01 14:26:15,BTC-USD,ask,50000.0,0.3,-24938.4100000000,37530.7950000000
2023-09-01 14:26:15,BTC-USD,bid,25061.59,0.0001,-24938.4100000000,37530.7950000000
2023-09-01 14:26:20,BTC-USD,ask,27339.04,9.733e-05,-2037.3200000000,26320.3800000000
2023-09-01 14:26:20,BTC-USD,bid,25301.72,9.461e-05,-2037.3200000000,26320.3800000000
2023-09-01 14:26:25,BTC-USD,ask,27081.06,0.0001,-1884.6300000000,26138.7450000000
2023-09-01 14:26:25,BTC-USD,bid,25196.43,9.522e-05,-1884.6300000000,26138.7450000000
2023-09-01 14:26:30,BTC-USD,ask,50000.0,0.3,-24911.5800000000,37544.2100000000
2023-09-01 14:26:30,BTC-USD,bid,25088.42,0.0001,-24911.5800000000,37544.2100000000
2023-09-01 14:26:35,BTC-USD,ask,27024.52,0.0001,-1318.8400000000,26365.1000000000
2023-09-01 14:26:35,BTC-USD,bid,25705.68,0.0001,-1318.8400000000,26365.1000000000
2023-09-01 14:26:40,BTC-USD,ask,27600.57,0.0001,-2232.1700000000,26484.4850000000
2023-09-01 14:26:40,BTC-USD,bid,25368.4,0.0001,-2232.1700000000,26484.4850000000
2023-09-01 14:26:45,BTC-USD,ask,50000.0,0.3,-24471.2400000000,37764.3800000000
2023-09-01 14:26:45,BTC-USD,bid,25528.76,0.0001,-24471.2400000000,37764.3800000000
2023-09-01 14:26:50,BTC-USD,ask,27176.15,0.0001,-1865.1900000000,26243.5550000000
2023-09-01 14:26:50,BTC-USD,bid,25310.96,0.0001,-1865.1900000000,26243.5550000000
2023-09-01 14:26:55,BTC-USD,ask,27618.67,0.0001,-2375.7200000000,26430.8100000000
2023-09-01 14:26:55,BTC-USD,bid,25242.95,0.0001,-2375.7200000000,26430.8100000000
2023-09-01 14:27:00,BTC-USD,ask,27375.42,0.0001,-2416.7900000000,26167.0250000000
2023-09-01 14:27:00,BTC-USD,bid,24958.63,0.0001,-2416.7900000000,26167.0250000000
2023-09-01 14:27:05,BTC-USD,ask,27401.43,0.0001,-2257.6200000000,26272.6200000000
2023-09-01 14:27:05,BTC-USD,bid,25143.81,0.0001,-2257.6200000000,26272.6200000000
2023-09-01 14:27:10,BTC-USD,ask,26840.56,0.0001,-1617.1000000000,26032.0100000000
2023-09-01 14:27:10,BTC-USD,bid,25223.46,0.0001,-1617.1000000000,26032.0100000000
2023-09-01 14:27:15,BTC-USD,ask,26570.16,0.0001,-1622.0500000000,25759.1350000000
2023-09-01 14:27:15,BTC-USD,bid,24948.11,0.0001,-1622.0500000000,25759.1350000000
2023-09-01 14:27:20,BTC-USD,ask,26482.07,0.0001,-1009.3800000000,25977.3800000000
2023-09-01 14:27:20,BTC-USD,bid,25472.69,0.0001,-1009.3800000000,25977.3800000000
2023-09-01 14:27:25,BTC-USD,ask,27275.94,0.0001,-1596.0800000000,26477.9000000000
2023-09-01 14:27:25,BTC-USD,bid,25679.86,0.0001,-1596.0800000000,26477.9000000000
2023-09-01 14:27:30,BTC-USD,ask,50000.0,0.3,-24781.6700000000,37609.1650000000
2023-09-01 14:27:30,BTC-USD,bid,25218.33,0.0001,-24781.6700000000,37609.1650000000
2023-09-01 14:27:35,BTC-USD,ask,27572.76,0.0001,-2161.9300000000,26491.7950000000
2023-09-01 14:27:35,BTC-USD,bid,25410.83,0.0001,-2161.9300000000,26491.7950000000
2023-09-01 14:27:40,BTC-USD,ask,27439.06,0.0001,-2341.3400000000,26268.3900000000
2023-09-01 14:27:40,BTC-USD,bid,25097.72,0.0001,-2341.3400000000,26268.3900000000
2023-09-01 14:27:45,BTC-USD,ask,27318.55,0.0001,-2299.4000000000,26168.8500000000
2023-09-01 14:27:45,BTC-USD,bid,25019.15,0.0001,-2299.4000000000,26168.8500000000
2023-09-01 14:27:50,BTC-USD,ask,27435.13,0.0001,-2327.3400000000,26271.4600000000
2023-09-01 14:27:50,BTC-USD,bid,25107.79,0.0001,-2327.3400000000,26271.4600000000
2023-09-01 14:27:55,BTC-USD,ask,27612.6,0.0001,-2584.5400000000,26320.3300000000
2023-09-01 14:27:55,BTC-USD,bid,25028.06,0.0001,-2584.5400000000,26320.3300000000
2023-09-01 14:28:00,BTC-USD,ask,27629.56,0.0001,-2411.6200000000,26423.7500000000
2023-09-01 14:28:00,BTC-USD,bid,25217.94,0.0001,-2411.6200000000,26423.7500000000
2023-09-01 14:28:05,BTC-USD,ask,27436.59,0.0001,-2409.3300000000,26231.9250000000
2023-09-01 14:28:05,BTC-USD,bid,25027.26,0.0001,-2409.3300000000,26231.9250000000
2023-09-01 14:28:10,BTC-USD,ask,27615.93,0.0001,-2324.0500000000,26453.9050000000
2023-09-01 14:28:10,BTC-USD,bid,25291.88,0.0001,-2324.0500000000,26453.9050000000
2023-09-01 14:28:15,BTC-USD,ask,50000.0,0.3,-24926.7600000000,37536.6200000000
2023-09-01 14:28:15,BTC-USD,bid,25073.24,0.0001,-24926.7600000000,37536.6200000000
2023-09-01 14:28:20,BTC-USD,ask,26563.44,0.0001,-1252.3300000000,25937.2750000000
2023-09-01 14:28:20,BTC-USD,bid,25311.11,0.0001,-1252.3300000000,25937.2750000000
2023-09-01 14:28:25,BTC-USD,ask,26876.4,0.0001,-1592.6400000000,26080.0800000000
2023-09-01 14:28:25,BTC-USD,bid,25283.76,0.0001,-1592.6400000000,26080.0800000000
2023-09-01 14:28:30,BTC-USD,ask,50000.0,0.3,-24554.7700000000,37722.6150000000
2023-09-01 14:28:30,BTC-USD,bid,25445.23,0.0001,-24554.7700000000,37722.6150000000
2023-09-01 14:28:35,BTC-USD,ask,27558.03,0.0001,-2519.6400000000,26298.2100000000
2023-09-01 14:28:35,BTC-USD,bid,25038.39,0.0001,-2519.6400000000,26298.2100000000
2023-09-01 14:28:40,BTC-USD,ask,27523.09,0.0001,-2391.4200000000,26327.3800000000
2023-09-01 14:28:40,BTC-USD,bid,25131.67,0.0001,-2391.4200000000,26327.3800000000
2023-09-01 14:28:45,BTC-USD,ask,50000.0,0.3,-24958.2700000000,37520.8650000000
2023-09-01 14:28:45,BTC-USD,bid,25041.73,0.0001,-24958.2700000000,37520.8650000000
2023-09-01 14:28:50,BTC-USD,ask,27626.35,0.0001,-2527.5900000000,26362.5550000000
2023-09-01 14:28:50,BTC-USD,bid,25098.76,0.0001,-2527.5900000000,26362.5550000000
2023-09-01 14:28:55,BTC-USD,ask,27124.19,0.0001,-1458.3400000000,26395.0200000000
2023-09-01 14:28:55,BTC-USD,bid,25665.85,0.0001,-1458.3400000000,26395.0200000000
2023-09-01 14:29:00,BTC-USD,ask,50000.0,0.3,-24783.9300000000,37608.0350000000
2023-09-01 14:29:00,BTC-USD,bid,25216.07,0.0001,-24783.9300000000,37608.0350000000
2023-09-01 14:29:05,BTC-USD,ask,27587.79,0.0001,-2571.9100000000,26301.8350000000
2023-09-01 14:29:05,BTC-USD,bid,25015.88,0.0001,-2571.9100000000,26301.8350000000
2023-09-01 14:29:10,BTC-USD,ask,27461.44,0.0001,-2388.2000000000,26267.3400000000
2023-09-01 14:29:10,BTC-USD,bid,25073.24,9.596e-05,-2388.2000000000,26267.3400000000
2023-09-01 14:29:15,BTC-USD,ask,27558.03,9.663e-05,-2274.2700000000,26420.8950000000
2023-09-01 14:29:15,BTC-USD,bid,25283.76,9.381e-05,-2274.2700000000,26420.8950000000
2023-09-01 14:29:20,BTC-USD,ask,27069.78,0.0001,-2155.3200000000,25992.1200000000
2023-09-01 14:29:20,BTC-USD,bid,24914.46,0.0001,-2155.3200000000,25992.1200000000
2023-09-01 14:29:25,BTC-USD,ask,26725.13,0.0001,-1395.5200000000,26027.3700000000
2023-09-01 14:29:25,BTC-USD,bid,25329.61,0.0001,-1395.5200000000,26027.3700000000
2023-09-01 14:29:30,BTC-USD,ask,26934.99,0.0001,-2006.2900000000,25931.8450000000
2023-09-01 14:29:30,BTC-USD,bid,24928.7,0.0001,-2006.2900000000,25931.8450000000
2023-09-01 14:29:35,BTC-USD,ask,27484.38,0.0001,-2388.4200000000,26290.1700000000
2023-09-01 14:29:35,BTC-USD,bid,25095.96,0.0001,-2388.4200000000,26290.1700000000
2023-09-01 14:29:40,BTC-USD,ask,26941.61,0.0001,-1921.8100000000,25980.7050000000
2023-09-01 14:29:40,BTC-USD,bid,25019.8,0.0001,-1921.8100000000,25980.7050000000
2023-09-01 14:29:45,BTC-USD,ask,27516.85,0.0001,-2323.6600000000,26355.0200000000
2023-09-01 14:29:45,BTC-USD,bid,25193.19,0.0001,-2323.6600000000,26355.0200000000
2023-09-01 14:29:50,BTC-USD,ask,27141.0,0.0001,-1777.5500000000,26252.2250000000
2023-09-01 14:29:50,BTC-USD,bid,25363.45,0.0001,-1777.5500000000,26252.2250000000
2023-09-01 14:29:55,BTC-USD,ask,27520.43,0.0001,-2501.9900000000,26269.4350000000
2023-09-01 14:29:55,BTC-USD,bid,25018.44,0.0001,-2501.9900000000,26269.4350000000
2023-09-01 14:30:00,BTC-USD,ask,27394.43,0.0001,-2391.0100000000,26198.9250000000
2023-09-01 14:30:00,BTC-USD,bid,25003.42,0.0001,-2391.0100000000,26198.9250000000
2023-09-01 14:30:05,BTC-USD,ask,27063.3,0.0001,-2156.0600000000,25985.2700000000
2023-09-01 14:30:05,BTC-USD,bid,24907.24,0.0001,-2156.0600000000,25985.2700000000
2023-09-01 14:30:10,BTC-USD,ask,27538.03,0.0001,-2447.9700000000,26314.0450000000
2023-09-01 14:30:10,BTC-USD,bid,25090.06,0.0001,-2447.9700000000,26314.0450000000
2023-09-01 14:30:15,BTC-USD,ask,50000.0,0.3,-24613.0400000000,37693.4800000000
2023-09-01 14:30:15,BTC-USD,bid,25386.96,0.0001,-24613.0400000000,37693.4800000000
2023-09-01 14:30:20,BTC-USD,ask,26951.99,0.0001,-1519.8800000000,26192.0500000000
2023-09-01 14:30:20,BTC-USD,bid,25432.11,0.0001,-1519.8800000000,26192.0500000000
2023-09-01 14:30:25,BTC-USD,ask,27578.59,0.0001,-2559.8100000000,26298.6850000000
2023-09-01 14:30:25,BTC-USD,bid,25018.78,0.0001,-2559.8100000000,26298.6850000000
2023-09-01 14:30:30,BTC-USD,ask,50000.0,0.3,-24956.9900000000,37521.5050000000
2023-09-01 14:30:30,BTC-USD,bid,25043.01,0.0001,-24956.9900000000,37521.5050000000
2023-09-01 14:30:36,BTC-USD,ask,27412.46,0.0001,-2358.1600000000,26233.3800000000
2023-09-01 14:30:36,BTC-USD,bid,25054.3,0.0001,-2358.1600000000,26233.3800000000
2023-09-01 14:30:41,BTC-USD,ask,27440.97,0.0001,-2570.7800000000,26155.5800000000
2023-09-01 14:30:41,BTC-USD,bid,24870.19,0.0001,-2570.7800000000,26155.5800000000
2023-09-01 14:30:46,BTC-USD,ask,27442.51,0.0001,-2071.4600000000,26406.7800000000
2023-09-01 14:30:46,BTC-USD,bid,25371.05,0.0001,-2071.4600000000,26406.7800000000
2023-09-01 14:30:51,BTC-USD,ask,26694.24,0.0001,-1770.2600000000,25809.1100000000
2023-09-01 14:30:51,BTC-USD,bid,24923.98,0.0001,-1770.2600000000,25809.1100000000
2023-09-01 14:30:56,BTC-USD,ask,27489.28,0.0001,-2193.5400000000,26392.5100000000
2023-09-01 14:30:56,BTC-USD,bid,25295.74,0.0001,-2193.5400000000,26392.5100000000
2023-09-01 14:31:01,BTC-USD,ask,50000.0,0.3,-24527.4600000000,37736.2700000000
2023-09-01 14:31:01,BTC-USD,bid,25472.54,0.0001,-24527.4600000000,37736.2700000000
2023-09-01 14:31:06,BTC-USD,ask,27385.5,0.0001,-1863.8100000000,26453.5950000000
2023-09-01 14:31:06,BTC-USD,bid,25521.69,0.0001,-1863.8100000000,26453.5950000000
2023-09-01 14:31:11,BTC-USD,ask,27384.74,0.0001,-2165.4600000000,26302.0100000000
2023-09-01 14:31:11,BTC-USD,bid,25219.28,0.0001,-2165.4600000000,26302.0100000000
2023-09-01 14:31:16,BTC-USD,ask,50000.0,0.3,-24657.7600000000,37671.1200000000
2023-09-01 14:31:16,BTC-USD,bid,25342.24,0.0001,-24657.7600000000,37671.1200000000
2023-09-01 14:31:21,BTC-USD,ask,27398.62,0.0001,-2413.5200000000,26191.8600000000
2023-09-01 14:31:21,BTC-USD,bid,24985.1,0.0001,-2413.5200000000,26191.8600000000
2023-09-01 14:31:26,BTC-USD,ask,27443.71,0.0001,-2329.1300000000,26279.1450000000
2023-09-01 14:31:26,BTC-USD,bid,25114.58,0.0001,-2329.1300000000,26279.1450000000
2023-09-01 14:31:31,BTC-USD,ask,50000.0,0.3,-25037.3200000000,37481.3400000000
2023-09-01 14:31:31,BTC-USD,bid,24962.68,0.0001,-25037.3200000000,37481.3400000000
2023-09-01 14:31:36,BTC-USD,ask,27327.09,0.0001,-2376.8700000000,26138.6550000000
2023-09-01 14:31:36,BTC-USD,bid,24950.22,0.0001,-2376.8700000000,26138.6550000000
2023-09-01 14:31:41,BTC-USD,ask,50000.0,0.3,-24774.5400000000,37612.7300000000
2023-09-01 14:31:41,BTC-USD,bid,25225.46,0.0001,-24774.5400000000,37612.7300000000
2023-09-01 14:31:46,BTC-USD,ask,50000.0,0.3,-24774.5400000000,37612.7300000000
2023-09-01 14:31:46,BTC-USD,bid,25225.46,9.438e-05,-24774.5400000000,37612.7300000000
2023-09-01 14:31:51,BTC-USD,ask,27231.83,0.0001,-1888.2800000000,26287.6900000000
2023-09-01 14:31:51,BTC-USD,bid,25343.55,0.0001,-1888.2800000000,26287.6900000000
2023-09-01 14:31:56,BTC-USD,ask,26499.13,0.0001,-633.2100000000,26182.5250000000
2023-09-01 14:31:56,BTC-USD,bid,25865.92,0.0001,-633.2100000000,26182.5250000000
2023-09-01 14:32:01,BTC-USD,ask,50000.0,0.3,-25145.0100000000,37427.4950000000
2023-09-01 14:32:01,BTC-USD,bid,24854.99,0.0001,-25145.0100000000,37427.4950000000
2023-09-01 14:32:06,BTC-USD,ask,26330.0,662.41198294,-354.5500000000,26152.7250000000
2023-09-01 14:32:06,BTC-USD,bid,25975.45,9.536e-05,-354.5500000000,26152.7250000000
2023-09-01 14:32:11,BTC-USD,ask,27291.08,0.0001,-2065.4700000000,26258.3450000000
2023-09-01 14:32:11,BTC-USD,bid,25225.61,0.0001,-2065.4700000000,26258.3450000000
2023-09-01 14:32:16,BTC-USD,ask,50000.0,0.3,-24950.1400000000,37524.9300000000
2023-09-01 14:32:16,BTC-USD,bid,25049.86,0.0001,-24950.1400000000,37524.9300000000
2023-09-01 14:32:21,BTC-USD,ask,27216.5,0.0001,-1664.8600000000,26384.0700000000
2023-09-01 14:32:21,BTC-USD,bid,25551.64,0.0001,-1664.8600000000,26384.0700000000
2023-09-01 14:32:26,BTC-USD,ask,27505.32,0.0001,-2455.1100000000,26277.7650000000
2023-09-01 14:32:26,BTC-USD,bid,25050.21,0.0001,-2455.1100000000,26277.7650000000
2023-09-01 14:32:31,BTC-USD,ask,50000.0,0.3,-24576.6200000000,37711.6900000000
2023-09-01 14:32:31,BTC-USD,bid,25423.38,0.0001,-24576.6200000000,37711.6900000000
2023-09-01 14:32:36,BTC-USD,ask,27483.57,0.0001,-2405.7100000000,26280.7150000000
2023-09-01 14:32:36,BTC-USD,bid,25077.86,0.0001,-2405.7100000000,26280.7150000000
2023-09-01 14:32:41,BTC-USD,ask,27486.84,0.0001,-1872.3800000000,26550.6500000000
2023-09-01 14:32:41,BTC-USD,bid,25614.46,0.0001,-1872.3800000000,26550.6500000000
2023-09-01 14:32:46,BTC-USD,ask,50000.0,0.3,-24930.0700000000,37534.9650000000
2023-09-01 14:32:46,BTC-USD,bid,25069.93,0.0001,-24930.0700000000,37534.9650000000
2023-09-01 14:32:51,BTC-USD,ask,27437.16,0.0001,-2356.1600000000,26259.0800000000
2023-09-01 14:32:51,BTC-USD,bid,25081.0,0.0001,-2356.1600000000,26259.0800000000
2023-09-01 14:32:56,BTC-USD,ask,26965.59,0.0001,-1229.6300000000,26350.7750000000
2023-09-01 14:32:56,BTC-USD,bid,25735.96,0.0001,-1229.6300000000,26350.7750000000
2023-09-01 14:33:01,BTC-USD,ask,27184.19,0.0001,-2024.7700000000,26171.8050000000
2023-09-01 14:33:01,BTC-USD,bid,25159.42,0.0001,-2024.7700000000,26171.8050000000
2023-09-01 14:33:06,BTC-USD,ask,26970.52,0.0001,-1885.5800000000,26027.7300000000
2023-09-01 14:33:06,BTC-USD,bid,25084.94,0.0001,-1885.5800000000,26027.7300000000
2023-09-01 14:33:11,BTC-USD,ask,50000.0,0.3,-24650.4100000000,37674.7950000000
2023-09-01 14:33:11,BTC-USD,bid,25349.59,0.0001,-24650.4100000000,37674.7950000000
2023-09-01 14:33:16,BTC-USD,ask,27321.18,0.0001,-1758.1800000000,26442.0900000000
2023-09-01 14:33:16,BTC-USD,bid,25563.0,0.0001,-1758.1800000000,26442.0900000000
2023-09-01 14:33:21,BTC-USD,ask,26861.75,0.0001,-859.8500000000,26431.8250000000
2023-09-01 14:33:21,BTC-USD,bid,26001.9,0.0001,-859.8500000000,26431.8250000000
2023-09-01 14:33:26,BTC-USD,ask,50000.0,0.3,-24677.9100000000,37661.0450000000
2023-09-01 14:33:26,BTC-USD,bid,25322.09,0.0001,-24677.9100000000,37661.0450000000
2023-09-01 14:33:31,BTC-USD,ask,27452.19,0.0001,-2253.5300000000,26325.4250000000
2023-09-01 14:33:31,BTC-USD,bid,25198.66,0.0001,-2253.5300000000,26325.4250000000
2023-09-01 14:33:36,BTC-USD,ask,27268.98,0.0001,-2454.1400000000,26041.9100000000
2023-09-01 14:33:36,BTC-USD,bid,24814.84,0.0001,-2454.1400000000,26041.9100000000
2023-09-01 14:33:41,BTC-USD,ask,27313.29,0.0001,-2445.2300000000,26090.6750000000
2023-09-01 14:33:41,BTC-USD,bid,24868.06,0.0001,-2445.2300000000,26090.6750000000
2023-09-01 14:33:46,BTC-USD,ask,27262.48,0.0001,-2403.7100000000,26060.6250000000
2023-09-01 14:33:46,BTC-USD,bid,24858.77,0.0001,-2403.7100000000,26060.6250000000
2023-09-01 14:33:51,BTC-USD,ask,27051.44,0.0001,-1930.6700000000,26086.1050000000
2023-09-01 14:33:51,BTC-USD,bid,25120.77,0.0001,-1930.6700000000,26086.1050000000
2023-09-01 14:33:56,BTC-USD,ask,27002.43,0.0001,-2009.8900000000,25997.4850000000
2023-09-01 14:33:56,BTC-USD,bid,24992.54,0.0001,-2009.8900000000,25997.4850000000
2023-09-01 14:34:01,BTC-USD,ask,50000.0,0.3,-25057.6700000000,37471.1650000000
2023-09-01 14:34:01,BTC-USD,bid,24942.33,0.0001,-25057.6700000000,37471.1650000000
2023-09-01 14:34:06,BTC-USD,bid,25407.84,0.0001,-611.7900000000,25101.9450000000
2023-09-01 14:34:06,BTC-USD,bid,24796.05,0.0001,-611.7900000000,25101.9450000000
2023-09-01 14:34:11,BTC-USD,ask,27396.21,0.0001,-1957.9700000000,26417.2250000000
2023-09-01 14:34:11,BTC-USD,bid,25438.24,0.0001,-1957.9700000000,26417.2250000000
2023-09-01 14:34:16,BTC-USD,ask,26753.03,0.0001,-1395.8700000000,26055.0950000000
2023-09-01 14:34:16,BTC-USD,bid,25357.16,0.0001,-1395.8700000000,26055.0950000000
2023-09-01 14:34:21,BTC-USD,ask,26330.0,662.40978294,-1759.6600000000,25450.1700000000
2023-09-01 14:34:21,BTC-USD,bid,24570.34,0.0001,-1759.6600000000,25450.1700000000
2023-09-01 14:34:26,BTC-USD,ask,50000.0,0.3,-25745.0100000000,37127.4950000000
2023-09-01 14:34:26,BTC-USD,bid,24254.99,0.0001,-25745.0100000000,37127.4950000000
2023-09-01 14:34:31,BTC-USD,ask,26612.59,0.0001,-2020.6200000000,25602.2800000000
2023-09-01 14:34:31,BTC-USD,bid,24591.97,0.0001,-2020.6200000000,25602.2800000000
2023-09-01 14:34:36,BTC-USD,ask,26624.24,0.0001,-2456.0200000000,25396.2300000000
2023-09-01 14:34:36,BTC-USD,bid,24168.22,0.0001,-2456.0200000000,25396.2300000000
2023-09-01 14:34:41,BTC-USD,ask,26408.84,0.0001,-1963.2700000000,25427.2050000000
2023-09-01 14:34:41,BTC-USD,bid,24445.57,0.0001,-1963.2700000000,25427.2050000000
2023-09-01 14:34:46,BTC-USD,ask,50000.0,0.3,-25826.8600000000,37086.5700000000
2023-09-01 14:34:46,BTC-USD,bid,24173.14,0.0001,-25826.8600000000,37086.5700000000
2023-09-01 14:34:51,BTC-USD,ask,26461.27,0.0001,-1533.2300000000,25694.6550000000
2023-09-01 14:34:51,BTC-USD,bid,24928.04,0.0001,-1533.2300000000,25694.6550000000
2023-09-01 14:34:56,BTC-USD,ask,26313.21,0.0001,-1743.4700000000,25441.4750000000
2023-09-01 14:34:56,BTC-USD,bid,24569.74,0.0001,-1743.4700000000,25441.4750000000
2023-09-01 14:35:01,BTC-USD,ask,50000.0,0.3,-25890.5700000000,37054.7150000000
2023-09-01 14:35:01,BTC-USD,bid,24109.43,0.0001,-25890.5700000000,37054.7150000000
2023-09-01 14:35:06,BTC-USD,ask,26395.25,0.0001,-2074.4000000000,25358.0500000000
2023-09-01 14:35:06,BTC-USD,bid,24320.85,0.0001,-2074.4000000000,25358.0500000000
2023-09-01 14:35:11,BTC-USD,ask,26068.26,0.0001,-1959.7400000000,25088.3900000000
2023-09-01 14:35:11,BTC-USD,bid,24108.52,0.0001,-1959.7400000000,25088.3900000000
2023-09-01 14:35:16,BTC-USD,ask,50000.0,0.3,-25738.0300000000,37130.9850000000
2023-09-01 14:35:16,BTC-USD,bid,24261.97,0.0001,-25738.0300000000,37130.9850000000
2023-09-01 14:35:21,BTC-USD,ask,26504.08,0.0001,-2073.8600000000,25467.1500000000
2023-09-01 14:35:21,BTC-USD,bid,24430.22,0.0001,-2073.8600000000,25467.1500000000
2023-09-01 14:35:26,BTC-USD,ask,25923.58,0.0001,-1646.6500000000,25100.2550000000
2023-09-01 14:35:26,BTC-USD,bid,24276.93,0.0001,-1646.6500000000,25100.2550000000
2023-09-01 14:35:31,BTC-USD,ask,50000.0,0.3,-25615.0900000000,37192.4550000000
2023-09-01 14:35:31,BTC-USD,bid,24384.91,0.0001,-25615.0900000000,37192.4550000000
2023-09-01 14:35:36,BTC-USD,ask,26772.41,0.0001,-2278.2200000000,25633.3000000000
2023-09-01 14:35:36,BTC-USD,bid,24494.19,0.0001,-2278.2200000000,25633.3000000000
2023-09-01 14:35:41,BTC-USD,ask,26263.14,0.0001,-1566.6700000000,25479.8050000000
2023-09-01 14:35:41,BTC-USD,bid,24696.47,0.0001,-1566.6700000000,25479.8050000000
2023-09-01 14:35:46,BTC-USD,ask,26265.2,0.0001,-2382.7500000000,25073.8250000000
2023-09-01 14:35:46,BTC-USD,bid,23882.45,0.0001,-2382.7500000000,25073.8250000000
2023-09-01 14:35:51,BTC-USD,ask,26305.63,0.0001,-2151.0700000000,25230.0950000000
2023-09-01 14:35:51,BTC-USD,bid,24154.56,0.0001,-2151.0700000000,25230.0950000000
2023-09-01 14:35:56,BTC-USD,ask,26593.9,0.0001,-2149.7900000000,25519.0050000000
2023-09-01 14:35:56,BTC-USD,bid,24444.11,0.0001,-2149.7900000000,25519.0050000000
2023-09-01 14:36:01,BTC-USD,ask,26607.5,0.0001,-1899.8600000000,25657.5700000000
2023-09-01 14:36:01,BTC-USD,bid,24707.64,0.0001,-1899.8600000000,25657.5700000000
2023-09-01 14:36:06,BTC-USD,ask,26350.06,0.0001,-2213.1300000000,25243.4950000000
2023-09-01 14:36:06,BTC-USD,bid,24136.93,0.0001,-2213.1300000000,25243.4950000000
2023-09-01 14:36:11,BTC-USD,ask,50000.0,0.3,-25837.4800000000,37081.2600000000
2023-09-01 14:36:11,BTC-USD,bid,24162.52,9.965e-05,-25837.4800000000,37081.2600000000
2023-09-01 14:36:16,BTC-USD,ask,26754.45,0.0001,-2668.1300000000,25420.3850000000
2023-09-01 14:36:16,BTC-USD,bid,24086.32,0.0001,-2668.1300000000,25420.3850000000
2023-09-01 14:36:21,BTC-USD,ask,26298.52,0.0001,-1821.0400000000,25388.0000000000
2023-09-01 14:36:21,BTC-USD,bid,24477.48,0.0001,-1821.0400000000,25388.0000000000
2023-09-01 14:36:26,BTC-USD,ask,26747.53,0.0001,-2433.2400000000,25530.9100000000
2023-09-01 14:36:26,BTC-USD,bid,24314.29,0.0001,-2433.2400000000,25530.9100000000
2023-09-01 14:36:31,BTC-USD,ask,26526.33,0.0001,-2088.2600000000,25482.2000000000
2023-09-01 14:36:31,BTC-USD,bid,24438.07,0.0001,-2088.2600000000,25482.2000000000
2023-09-01 14:36:36,BTC-USD,ask,26510.29,0.0001,-2130.4400000000,25445.0700000000
2023-09-01 14:36:36,BTC-USD,bid,24379.85,0.0001,-2130.4400000000,25445.0700000000
2023-09-01 14:36:41,BTC-USD,ask,26526.21,0.0001,-1979.9000000000,25536.2600000000
2023-09-01 14:36:41,BTC-USD,bid,24546.31,0.0001,-1979.9000000000,25536.2600000000
2023-09-01 14:36:46,BTC-USD,ask,26563.17,0.0001,-1916.0800000000,25605.1300000000
2023-09-01 14:36:46,BTC-USD,bid,24647.09,0.0001,-1916.0800000000,25605.1300000000
2023-09-01 14:36:51,BTC-USD,ask,26243.41,0.0001,-2089.8700000000,25198.4750000000
2023-09-01 14:36:51,BTC-USD,bid,24153.54,0.0001,-2089.8700000000,25198.4750000000
2023-09-01 14:36:56,BTC-USD,ask,25303.73,0.0001,-904.6300000000,24851.4150000000
2023-09-01 14:36:56,BTC-USD,bid,24399.1,0.0001,-904.6300000000,24851.4150000000
2023-09-01 14:37:01,BTC-USD,ask,26247.3,0.0001,-2263.5100000000,25115.5450000000
2023-09-01 14:37:01,BTC-USD,bid,23983.79,0.0001,-2263.5100000000,25115.5450000000
2023-09-01 14:37:06,BTC-USD,ask,25974.94,0.0001,-1764.4600000000,25092.7100000000
2023-09-01 14:37:06,BTC-USD,bid,24210.48,0.0001,-1764.4600000000,25092.7100000000
2023-09-01 14:37:11,BTC-USD,ask,50000.0,0.3,-25956.5300000000,37021.7350000000
2023-09-01 14:37:11,BTC-USD,bid,24043.47,0.0001,-25956.5300000000,37021.7350000000
2023-09-01 14:37:16,BTC-USD,ask,26805.2,0.0001,-1923.8900000000,25843.2550000000
2023-09-01 14:37:16,BTC-USD,bid,24881.31,0.0001,-1923.8900000000,25843.2550000000
2023-09-01 14:37:21,BTC-USD,ask,26755.01,0.0001,-1979.9700000000,25765.0250000000
2023-09-01 14:37:21,BTC-USD,bid,24775.04,0.0001,-1979.9700000000,25765.0250000000
2023-09-01 14:37:26,BTC-USD,ask,50000.0,0.3,-25152.9700000000,37423.5150000000
2023-09-01 14:37:26,BTC-USD,bid,24847.03,0.0001,-25152.9700000000,37423.5150000000
2023-09-01 14:37:31,BTC-USD,ask,26813.02,0.0001,-2162.2000000000,25731.9200000000
2023-09-01 14:37:31,BTC-USD,bid,24650.82,0.0001,-2162.2000000000,25731.9200000000
2023-09-01 14:37:36,BTC-USD,ask,26759.51,0.0001,-2331.4700000000,25593.7750000000
2023-09-01 14:37:36,BTC-USD,bid,24428.04,0.0001,-2331.4700000000,25593.7750000000
2023-09-01 14:37:41,BTC-USD,ask,50000.0,0.3,-25906.4300000000,37046.7850000000
2023-09-01 14:37:41,BTC-USD,bid,24093.57,9.537e-05,-25906.4300000000,37046.7850000000
2023-09-01 14:37:46,BTC-USD,ask,26408.11,0.0001,-2065.9400000000,25375.1400000000
2023-09-01 14:37:46,BTC-USD,bid,24342.17,0.0001,-2065.9400000000,25375.1400000000
2023-09-01 14:37:51,BTC-USD,bid,25070.66,0.0001,0.0000000000,25070.6600000000
2023-09-01 14:37:51,BTC-USD,bid,25070.66,0.0001,0.0000000000,25070.6600000000
2023-09-01 14:37:56,BTC-USD,ask,50000.0,0.3,-25642.9700000000,37178.5150000000
2023-09-01 14:37:56,BTC-USD,bid,24357.03,0.0001,-25642.9700000000,37178.5150000000
2023-09-01 14:38:01,BTC-USD,ask,26707.59,0.0001,-2470.1900000000,25472.4950000000
2023-09-01 14:38:01,BTC-USD,bid,24237.4,0.0001,-2470.1900000000,25472.4950000000
2023-09-01 14:38:06,BTC-USD,ask,26547.36,0.0001,-1997.2400000000,25548.7400000000
2023-09-01 14:38:06,BTC-USD,bid,24550.12,0.0001,-1997.2400000000,25548.7400000000
2023-09-01 14:38:11,BTC-USD,ask,50000.0,0.3,-25577.5500000000,37211.2250000000
2023-09-01 14:38:11,BTC-USD,bid,24422.45,0.0001,-25577.5500000000,37211.2250000000
2023-09-01 14:38:16,BTC-USD,ask,25596.64,0.0001,-957.3200000000,25117.9800000000
2023-09-01 14:38:16,BTC-USD,bid,24639.32,0.0001,-957.3200000000,25117.9800000000
2023-09-01 14:38:21,BTC-USD,ask,26287.14,0.0001,-1465.6600000000,25554.3100000000
2023-09-01 14:38:21,BTC-USD,bid,24821.48,0.0001,-1465.6600000000,25554.3100000000
2023-09-01 14:38:26,BTC-USD,ask,26690.63,0.0001,-1985.3600000000,25697.9500000000
2023-09-01 14:38:26,BTC-USD,bid,24705.27,0.0001,-1985.3600000000,25697.9500000000
2023-09-01 14:38:31,BTC-USD,ask,26663.66,0.0001,-2122.4600000000,25602.4300000000
2023-09-01 14:38:31,BTC-USD,bid,24541.2,0.0001,-2122.4600000000,25602.4300000000
2023-09-01 14:38:36,BTC-USD,ask,26779.01,0.0001,-2573.9400000000,25492.0400000000
2023-09-01 14:38:36,BTC-USD,bid,24205.07,0.0001,-2573.9400000000,25492.0400000000
2023-09-01 14:38:41,BTC-USD,ask,50000.0,0.3,-25934.0800000000,37032.9600000000
2023-09-01 14:38:41,BTC-USD,bid,24065.92,0.0001,-25934.0800000000,37032.9600000000
2023-09-01 14:38:46,BTC-USD,ask,26526.93,0.0001,-1872.5900000000,25590.6350000000
2023-09-01 14:38:46,BTC-USD,bid,24654.34,0.0001,-1872.5900000000,25590.6350000000
2023-09-01 14:38:51,BTC-USD,ask,26207.01,0.0001,-2068.2300000000,25172.8950000000
2023-09-01 14:38:51,BTC-USD,bid,24138.78,0.0001,-2068.2300000000,25172.8950000000
2023-09-01 14:38:56,BTC-USD,ask,50000.0,0.3,-25157.1400000000,37421.4300000000
2023-09-01 14:38:56,BTC-USD,bid,24842.86,0.0001,-25157.1400000000,37421.4300000000
2023-09-01 14:39:01,BTC-USD,ask,26624.66,0.0001,-1933.8100000000,25657.7550000000
2023-09-01 14:39:01,BTC-USD,bid,24690.85,0.0001,-1933.8100000000,25657.7550000000
2023-09-01 14:39:06,BTC-USD,ask,26676.02,0.0001,-2086.5400000000,25632.7500000000
2023-09-01 14:39:06,BTC-USD,bid,24589.48,0.0001,-2086.5400000000,25632.7500000000
2023-09-01 14:39:11,BTC-USD,ask,26492.8,0.0001,-2447.5400000000,25269.0300000000
2023-09-01 14:39:11,BTC-USD,bid,24045.26,0.0001,-2447.5400000000,25269.0300000000
2023-09-01 14:39:16,BTC-USD,ask,26573.13,0.0001,-2269.7700000000,25438.2450000000
2023-09-01 14:39:16,BTC-USD,bid,24303.36,0.0001,-2269.7700000000,25438.2450000000
2023-09-01 14:39:21,BTC-USD,ask,26311.96,0.0001,-730.9800000000,25946.4700000000
2023-09-01 14:39:21,BTC-USD,bid,25580.98,0.0001,-730.9800000000,25946.4700000000
2023-09-01 14:39:26,BTC-USD,ask,26403.1,0.0001,-1290.2900000000,25757.9550000000
2023-09-01 14:39:26,BTC-USD,bid,25112.81,0.0001,-1290.2900000000,25757.9550000000
2023-09-01 14:39:31,BTC-USD,ask,26926.58,0.0001,-2329.2900000000,25761.9350000000
2023-09-01 14:39:31,BTC-USD,bid,24597.29,0.0001,-2329.2900000000,25761.9350000000
2023-09-01 14:39:36,BTC-USD,ask,27276.58,0.0001,-2792.5800000000,25880.2900000000
2023-09-01 14:39:36,BTC-USD,bid,24484.0,0.0001,-2792.5800000000,25880.2900000000
2023-09-01 14:39:41,BTC-USD,ask,50000.0,0.3,-25346.6000000000,37326.7000000000
2023-09-01 14:39:41,BTC-USD,bid,24653.4,0.0001,-25346.6000000000,37326.7000000000
2023-09-01 14:39:46,BTC-USD,ask,26816.66,0.0001,-1965.7900000000,25833.7650000000
2023-09-01 14:39:46,BTC-USD,bid,24850.87,0.0001,-1965.7900000000,25833.7650000000
2023-09-01 14:39:51,BTC-USD,ask,26538.26,0.0001,-1624.0300000000,25726.2450000000
2023-09-01 14:39:51,BTC-USD,bid,24914.23,0.0001,-1624.0300000000,25726.2450000000
2023-09-01 14:39:56,BTC-USD,ask,27243.65,0.0001,-1869.8000000000,26308.7500000000
2023-09-01 14:39:56,BTC-USD,bid,25373.85,0.0001,-1869.8000000000,26308.7500000000
2023-09-01 14:40:01,BTC-USD,ask,26785.37,0.0001,-1828.5600000000,25871.0900000000
2023-09-01 14:40:01,BTC-USD,bid,24956.81,0.0001,-1828.5600000000,25871.0900000000
2023-09-01 14:40:06,BTC-USD,ask,26944.17,0.0001,-1527.6300000000,26180.3550000000
2023-09-01 14:40:06,BTC-USD,bid,25416.54,0.0001,-1527.6300000000,26180.3550000000
2023-09-01 14:40:11,BTC-USD,ask,50000.0,0.3,-25168.0700000000,37415.9650000000
2023-09-01 14:40:11,BTC-USD,bid,24831.93,0.0001,-25168.0700000000,37415.9650000000
2023-09-01 14:40:16,BTC-USD,ask,27006.65,0.0001,-2091.3800000000,25960.9600000000
2023-09-01 14:40:16,BTC-USD,bid,24915.27,0.0001,-2091.3800000000,25960.9600000000
2023-09-01 14:40:21,BTC-USD,ask,26961.55,0.0001,-2333.0800000000,25795.0100000000
2023-09-01 14:40:21,BTC-USD,bid,24628.47,0.0001,-2333.0800000000,25795.0100000000
2023-09-01 14:40:26,BTC-USD,ask,27006.65,9.886e-05,-2314.8500000000,25849.2250000000
2023-09-01 14:40:26,BTC-USD,bid,24691.8,0.0001,-2314.8500000000,25849.2250000000
2023-09-01 14:40:31,BTC-USD,ask,27183.92,0.0001,-2239.8000000000,26064.0200000000
2023-09-01 14:40:31,BTC-USD,bid,24944.12,0.0001,-2239.8000000000,26064.0200000000
2023-09-01 14:40:36,BTC-USD,ask,27045.63,0.0001,-2111.0500000000,25990.1050000000
2023-09-01 14:40:36,BTC-USD,bid,24934.58,0.0001,-2111.0500000000,25990.1050000000
2023-09-01 14:40:41,BTC-USD,ask,27164.19,0.0001,-1875.1800000000,26226.6000000000
2023-09-01 14:40:41,BTC-USD,bid,25289.01,0.0001,-1875.1800000000,26226.6000000000
2023-09-01 14:40:46,BTC-USD,ask,27200.42,0.0001,-2392.0400000000,26004.4000000000
2023-09-01 14:40:46,BTC-USD,bid,24808.38,0.0001,-2392.0400000000,26004.4000000000
2023-09-01 14:40:51,BTC-USD,ask,26183.11,0.0001,-1072.1500000000,25647.0350000000
2023-09-01 14:40:51,BTC-USD,bid,25110.96,0.0001,-1072.1500000000,25647.0350000000
2023-09-01 14:40:56,BTC-USD,bid,25517.06,0.0001,-262.0200000000,25386.0500000000
2023-09-01 14:40:56,BTC-USD,bid,25255.04,0.0001,-262.0200000000,25386.0500000000
2023-09-01 14:41:01,BTC-USD,ask,26721.65,0.0001,-2138.0900000000,25652.6050000000
2023-09-01 14:41:01,BTC-USD,bid,24583.56,0.0001,-2138.0900000000,25652.6050000000
2023-09-01 14:41:07,BTC-USD,ask,26324.96,0.0001,-1678.0300000000,25485.9450000000
2023-09-01 14:41:07,BTC-USD,bid,24646.93,0.0001,-1678.0300000000,25485.9450000000
2023-09-01 14:41:12,BTC-USD,ask,50000.0,0.3,-25259.7400000000,37370.1300000000
2023-09-01 14:41:12,BTC-USD,bid,24740.26,0.0001,-25259.7400000000,37370.1300000000
2023-09-01 14:41:17,BTC-USD,ask,26897.99,0.0001,-2209.3000000000,25793.3400000000
2023-09-01 14:41:17,BTC-USD,bid,24688.69,0.0001,-2209.3000000000,25793.3400000000
2023-09-01 14:41:22,BTC-USD,ask,26365.8,0.0001,-1673.5800000000,25529.0100000000
2023-09-01 14:41:22,BTC-USD,bid,24692.22,0.0001,-1673.5800000000,25529.0100000000
2023-09-01 14:41:27,BTC-USD,ask,27379.14,0.0001,-2271.8200000000,26243.2300000000
2023-09-01 14:41:27,BTC-USD,bid,25107.32,0.0001,-2271.8200000000,26243.2300000000
2023-09-01 14:41:32,BTC-USD,ask,27155.83,0.0001,-2205.3500000000,26053.1550000000
2023-09-01 14:41:32,BTC-USD,bid,24950.48,0.0001,-2205.3500000000,26053.1550000000
2023-09-01 14:41:37,BTC-USD,ask,27236.54,0.0001,-2403.2200000000,26034.9300000000
2023-09-01 14:41:37,BTC-USD,bid,24833.32,0.0001,-2403.2200000000,26034.9300000000
2023-09-01 14:41:42,BTC-USD,ask,27026.29,0.0001,-2253.1600000000,25899.7100000000
2023-09-01 14:41:42,BTC-USD,bid,24773.13,0.0001,-2253.1600000000,25899.7100000000
2023-09-01 14:41:47,BTC-USD,ask,26490.75,0.0001,-1535.7700000000,25722.8650000000
2023-09-01 14:41:47,BTC-USD,bid,24954.98,0.0001,-1535.7700000000,25722.8650000000
2023-09-01 14:41:52,BTC-USD,ask,27412.26,0.0001,-2282.0900000000,26271.2150000000
2023-09-01 14:41:52,BTC-USD,bid,25130.17,0.0001,-2282.0900000000,26271.2150000000
2023-09-01 14:41:57,BTC-USD,ask,27415.92,0.0001,-2056.3900000000,26387.7250000000
2023-09-01 14:41:57,BTC-USD,bid,25359.53,0.0001,-2056.3900000000,26387.7250000000
2023-09-01 14:42:02,BTC-USD,ask,27120.47,8.494e-05,-1825.8200000000,26207.5600000000
2023-09-01 14:42:02,BTC-USD,bid,25294.65,0.0001,-1825.8200000000,26207.5600000000
2023-09-01 14:42:07,BTC-USD,ask,26353.41,0.0001,-1282.8700000000,25711.9750000000
2023-09-01 14:42:07,BTC-USD,bid,25070.54,0.0001,-1282.8700000000,25711.9750000000
2023-09-01 14:42:12,BTC-USD,ask,50000.0,0.3,-24589.9200000000,37705.0400000000
2023-09-01 14:42:12,BTC-USD,bid,25410.08,0.0001,-24589.9200000000,37705.0400000000
2023-09-01 14:42:17,BTC-USD,ask,27301.05,0.0001,-2183.0500000000,26209.5250000000
2023-09-01 14:42:17,BTC-USD,bid,25118.0,8.786e-05,-2183.0500000000,26209.5250000000
2023-09-01 14:42:22,BTC-USD,ask,27238.64,0.0001,-2200.7700000000,26138.2550000000
2023-09-01 14:42:22,BTC-USD,bid,25037.87,0.0001,-2200.7700000000,26138.2550000000
2023-09-01 14:42:27,BTC-USD,ask,50000.0,0.3,-24409.9900000000,37795.0050000000
2023-09-01 14:42:27,BTC-USD,bid,25590.01,0.0001,-24409.9900000000,37795.0050000000
2023-09-01 14:42:32,BTC-USD,ask,27075.17,0.0001,-1981.3400000000,26084.5000000000
2023-09-01 14:42:32,BTC-USD,bid,25093.83,0.0001,-1981.3400000000,26084.5000000000
2023-09-01 14:42:37,BTC-USD,ask,27318.23,0.0001,-2054.4900000000,26290.9850000000
2023-09-01 14:42:37,BTC-USD,bid,25263.74,0.0001,-2054.4900000000,26290.9850000000
2023-09-01 14:42:42,BTC-USD,ask,50000.0,0.3,-24932.7600000000,37533.6200000000
2023-09-01 14:42:42,BTC-USD,bid,25067.24,0.0001,-24932.7600000000,37533.6200000000
2023-09-01 14:42:47,BTC-USD,ask,26896.02,0.0001,-1719.7000000000,26036.1700000000
2023-09-01 14:42:47,BTC-USD,bid,25176.32,0.0001,-1719.7000000000,26036.1700000000
2023-09-01 14:42:52,BTC-USD,ask,27316.82,0.0001,-1988.7800000000,26322.4300000000
2023-09-01 14:42:52,BTC-USD,bid,25328.04,0.0001,-1988.7800000000,26322.4300000000
2023-09-01 14:42:57,BTC-USD,ask,50000.0,0.3,-24975.0300000000,37512.4850000000
2023-09-01 14:42:57,BTC-USD,bid,25024.97,0.0001,-24975.0300000000,37512.4850000000
2023-09-01 14:43:02,BTC-USD,ask,26746.26,0.0001,-1021.0300000000,26235.7450000000
2023-09-01 14:43:02,BTC-USD,bid,25725.23,0.0001,-1021.0300000000,26235.7450000000
2023-09-01 14:43:07,BTC-USD,ask,27581.12,0.0001,-2413.9800000000,26374.1300000000
2023-09-01 14:43:07,BTC-USD,bid,25167.14,0.0001,-2413.9800000000,26374.1300000000
2023-09-01 14:43:12,BTC-USD,ask,50000.0,0.3,-24370.0600000000,37814.9700000000
2023-09-01 14:43:12,BTC-USD,bid,25629.94,0.0001,-24370.0600000000,37814.9700000000
2023-09-01 14:43:17,BTC-USD,ask,27346.31,0.0001,-2212.9900000000,26239.8150000000
2023-09-01 14:43:17,BTC-USD,bid,25133.32,0.0001,-2212.9900000000,26239.8150000000
2023-09-01 14:43:22,BTC-USD,ask,27130.39,0.0001,-1712.7300000000,26274.0250000000
2023-09-01 14:43:22,BTC-USD,bid,25417.66,0.0001,-1712.7300000000,26274.0250000000
2023-09-01 14:43:27,BTC-USD,ask,50000.0,0.3,-25098.2500000000,37450.8750000000
2023-09-01 14:43:27,BTC-USD,bid,24901.75,0.0001,-25098.2500000000,37450.8750000000
2023-09-01 14:43:32,BTC-USD,ask,27331.42,0.0001,-2393.4300000000,26134.7050000000
2023-09-01 14:43:32,BTC-USD,bid,24937.99,0.0001,-2393.4300000000,26134.7050000000
2023-09-01 14:43:37,BTC-USD,ask,27424.15,0.0001,-2324.3000000000,26262.0000000000
2023-09-01 14:43:37,BTC-USD,bid,25099.85,0.0001,-2324.3000000000,26262.0000000000
2023-09-01 14:43:42,BTC-USD,ask,27108.68,0.0001,-1455.0300000000,26381.1650000000
2023-09-01 14:43:42,BTC-USD,bid,25653.65,0.0001,-1455.0300000000,26381.1650000000
2023-09-01 14:43:47,BTC-USD,ask,27641.31,0.0001,-2585.2200000000,26348.7000000000
2023-09-01 14:43:47,BTC-USD,bid,25056.09,0.0001,-2585.2200000000,26348.7000000000
2023-09-01 14:43:52,BTC-USD,ask,26701.45,0.0001,-1409.4900000000,25996.7050000000
2023-09-01 14:43:52,BTC-USD,bid,25291.96,0.0001,-1409.4900000000,25996.7050000000
2023-09-01 14:43:57,BTC-USD,ask,50000.0,0.3,-24730.3100000000,37634.8450000000
2023-09-01 14:43:57,BTC-USD,bid,25269.69,0.0001,-24730.3100000000,37634.8450000000
2023-09-01 14:44:02,BTC-USD,ask,27602.04,0.0001,-2111.9800000000,26546.0500000000
2023-09-01 14:44:02,BTC-USD,bid,25490.06,0.0001,-2111.9800000000,26546.0500000000
2023-09-01 14:44:07,BTC-USD,ask,27438.05,0.0001,-2305.3500000000,26285.3750000000
2023-09-01 14:44:07,BTC-USD,bid,25132.7,0.0001,-2305.3500000000,26285.3750000000
2023-09-01 14:44:12,BTC-USD,ask,27419.74,0.0001,-1535.9600000000,26651.7600000000
2023-09-01 14:44:12,BTC-USD,bid,25883.78,0.0001,-1535.9600000000,26651.7600000000
2023-09-01 14:44:17,BTC-USD,ask,27451.74,0.0001,-2255.2100000000,26324.1350000000
2023-09-01 14:44:17,BTC-USD,bid,25196.53,0.0001,-2255.2100000000,26324.1350000000
2023-09-01 14:44:22,BTC-USD,ask,27487.35,0.0001,-2428.5300000000,26273.0850000000
2023-09-01 14:44:22,BTC-USD,bid,25058.82,0.0001,-2428.5300000000,26273.0850000000
2023-09-01 14:44:27,BTC-USD,ask,50000.0,0.3,-24894.4500000000,37552.7750000000
2023-09-01 14:44:27,BTC-USD,bid,25105.55,0.0001,-24894.4500000000,37552.7750000000
2023-09-01 14:44:32,BTC-USD,ask,27636.48,0.0001,-2630.2600000000,26321.3500000000
2023-09-01 14:44:32,BTC-USD,bid,25006.22,0.0001,-2630.2600000000,26321.3500000000
2023-09-01 14:44:37,BTC-USD,ask,27457.33,0.0001,-2318.4300000000,26298.1150000000
2023-09-01 14:44:37,BTC-USD,bid,25138.9,0.0001,-2318.4300000000,26298.1150000000
2023-09-01 14:44:42,BTC-USD,ask,26772.12,9.852e-05,-1789.7800000000,25877.2300000000
2023-09-01 14:44:42,BTC-USD,bid,24982.34,0.0001,-1789.7800000000,25877.2300000000
2023-09-01 14:44:47,BTC-USD,ask,27487.35,9.338e-05,-2497.5200000000,26238.5900000000
2023-09-01 14:44:47,BTC-USD,bid,24989.83,9.128e-05,-2497.5200000000,26238.5900000000
2023-09-01 14:44:52,BTC-USD,ask,26947.16,0.0001,-1074.7100000000,26409.8050000000
2023-09-01 14:44:52,BTC-USD,bid,25872.45,0.0001,-1074.7100000000,26409.8050000000
2023-09-01 14:44:57,BTC-USD,ask,27140.01,0.0001,-1767.4400000000,26256.2900000000
2023-09-01 14:44:57,BTC-USD,bid,25372.57,0.0001,-1767.4400000000,26256.2900000000
2023-09-01 14:45:02,BTC-USD,ask,27340.1,0.0001,-2283.4800000000,26198.3600000000
2023-09-01 14:45:02,BTC-USD,bid,25056.62,0.0001,-2283.4800000000,26198.3600000000
2023-09-01 14:45:07,BTC-USD,ask,26341.23,0.0001,-1067.7500000000,25807.3550000000
2023-09-01 14:45:07,BTC-USD,bid,25273.48,0.0001,-1067.7500000000,25807.3550000000
2023-09-01 14:45:12,BTC-USD,ask,50000.0,0.3,-24680.8400000000,37659.5800000000
2023-09-01 14:45:12,BTC-USD,bid,25319.16,0.0001,-24680.8400000000,37659.5800000000
2023-09-01 14:45:17,BTC-USD,ask,26253.91,0.0001,-1164.8200000000,25671.5000000000
2023-09-01 14:45:17,BTC-USD,bid,25089.09,0.0001,-1164.8200000000,25671.5000000000
2023-09-01 14:45:22,BTC-USD,ask,27404.83,0.0001,-2459.0500000000,26175.3050000000
2023-09-01 14:45:22,BTC-USD,bid,24945.78,0.0001,-2459.0500000000,26175.3050000000
2023-09-01 14:45:27,BTC-USD,ask,27095.48,0.0001,-2223.3500000000,25983.8050000000
2023-09-01 14:45:27,BTC-USD,bid,24872.13,0.0001,-2223.3500000000,25983.8050000000
2023-09-01 14:45:32,BTC-USD,ask,27362.09,0.0001,-2290.1400000000,26217.0200000000
2023-09-01 14:45:32,BTC-USD,bid,25071.95,0.0001,-2290.1400000000,26217.0200000000
2023-09-01 14:45:37,BTC-USD,ask,27401.58,0.0001,-2190.4200000000,26306.3700000000
2023-09-01 14:45:37,BTC-USD,bid,25211.16,0.0001,-2190.4200000000,26306.3700000000
2023-09-01 14:45:42,BTC-USD,ask,27591.32,0.0001,-2496.4100000000,26343.1150000000
2023-09-01 14:45:42,BTC-USD,bid,25094.91,0.0001,-2496.4100000000,26343.1150000000
2023-09-01 14:45:47,BTC-USD,ask,27555.86,0.0001,-2496.3900000000,26307.6650000000
2023-09-01 14:45:47,BTC-USD,bid,25059.47,0.0001,-2496.3900000000,26307.6650000000
2023-09-01 14:45:52,BTC-USD,ask,27124.28,0.0001,-1632.2500000000,26308.1550000000
2023-09-01 14:45:52,BTC-USD,bid,25492.03,0.0001,-1632.2500000000,26308.1550000000
2023-09-01 14:45:57,BTC-USD,ask,50000.0,0.3,-24781.3600000000,37609.3200000000
2023-09-01 14:45:57,BTC-USD,bid,25218.64,0.0001,-24781.3600000000,37609.3200000000
2023-09-01 14:46:02,BTC-USD,ask,27213.35,0.0001,-2047.2100000000,26189.7450000000
2023-09-01 14:46:02,BTC-USD,bid,25166.14,0.0001,-2047.2100000000,26189.7450000000
2023-09-01 14:46:07,BTC-USD,ask,27623.58,0.0001,-2556.2500000000,26345.4550000000
2023-09-01 14:46:07,BTC-USD,bid,25067.33,0.0001,-2556.2500000000,26345.4550000000
2023-09-01 14:46:12,BTC-USD,ask,50000.0,0.3,-24932.6700000000,37533.6650000000
2023-09-01 14:46:12,BTC-USD,bid,25067.33,9.99e-05,-24932.6700000000,37533.6650000000
2023-09-01 14:46:17,BTC-USD,ask,27623.58,9.799e-05,-2537.9700000000,26354.5950000000
2023-09-01 14:46:17,BTC-USD,bid,25085.61,9.643e-05,-2537.9700000000,26354.5950000000
2023-09-01 14:46:22,BTC-USD,ask,27188.08,0.0001,-1720.9800000000,26327.5900000000
2023-09-01 14:46:22,BTC-USD,bid,25467.1,0.0001,-1720.9800000000,26327.5900000000
2023-09-01 14:46:27,BTC-USD,ask,50000.0,0.3,-24941.0900000000,37529.4550000000
2023-09-01 14:46:27,BTC-USD,bid,25058.91,0.0001,-24941.0900000000,37529.4550000000
2023-09-01 14:46:32,BTC-USD,ask,27253.61,0.0001,-2177.0200000000,26165.1000000000
2023-09-01 14:46:32,BTC-USD,bid,25076.59,0.0001,-2177.0200000000,26165.1000000000
2023-09-01 14:46:37,BTC-USD,ask,27470.9,0.0001,-1696.8500000000,26622.4750000000
2023-09-01 14:46:37,BTC-USD,bid,25774.05,0.0001,-1696.8500000000,26622.4750000000
2023-09-01 14:46:42,BTC-USD,ask,27645.26,0.0001,-2563.3400000000,26363.5900000000
2023-09-01 14:46:42,BTC-USD,bid,25081.92,0.0001,-2563.3400000000,26363.5900000000
2023-09-01 14:46:47,BTC-USD,ask,27085.87,0.0001,-2006.9300000000,26082.4050000000
2023-09-01 14:46:47,BTC-USD,bid,25078.94,0.0001,-2006.9300000000,26082.4050000000
2023-09-01 14:46:52,BTC-USD,ask,27626.78,0.0001,-2286.0200000000,26483.7700000000
2023-09-01 14:46:52,BTC-USD,bid,25340.76,0.0001,-2286.0200000000,26483.7700000000
2023-09-01 14:46:57,BTC-USD,ask,50000.0,0.3,-24470.1800000000,37764.9100000000
2023-09-01 14:46:57,BTC-USD,bid,25529.82,0.0001,-24470.1800000000,37764.9100000000
2023-09-01 14:47:02,BTC-USD,ask,27529.73,0.0001,-2505.4000000000,26277.0300000000
2023-09-01 14:47:02,BTC-USD,bid,25024.33,0.0001,-2505.4000000000,26277.0300000000
2023-09-01 14:47:07,BTC-USD,ask,27269.21,0.0001,-1195.3600000000,26671.5300000000
2023-09-01 14:47:07,BTC-USD,bid,26073.85,0.0001,-1195.3600000000,26671.5300000000
2023-09-01 14:47:12,BTC-USD,ask,50000.0,0.3,-24722.5300000000,37638.7350000000
2023-09-01 14:47:12,BTC-USD,bid,25277.47,0.0001,-24722.5300000000,37638.7350000000
2023-09-01 14:47:17,BTC-USD,ask,27148.87,0.0001,-2047.9800000000,26124.8800000000
2023-09-01 14:47:17,BTC-USD,bid,25100.89,0.0001,-2047.9800000000,26124.8800000000
2023-09-01 14:47:22,BTC-USD,ask,26981.25,0.0001,-2260.5300000000,25850.9850000000
2023-09-01 14:47:22,BTC-USD,bid,24720.72,0.0001,-2260.5300000000,25850.9850000000
2023-09-01 14:47:27,BTC-USD,ask,27058.7,0.0001,-2313.6500000000,25901.8750000000
2023-09-01 14:47:27,BTC-USD,bid,24745.05,0.0001,-2313.6500000000,25901.8750000000
2023-09-01 14:47:32,BTC-USD,ask,27062.7,0.0001,-2330.5200000000,25897.4400000000
2023-09-01 14:47:32,BTC-USD,bid,24732.18,0.0001,-2330.5200000000,25897.4400000000
2023-09-01 14:47:37,BTC-USD,ask,26919.45,0.0001,-2173.3000000000,25832.8000000000
2023-09-01 14:47:37,BTC-USD,bid,24746.15,0.0001,-2173.3000000000,25832.8000000000
2023-09-01 14:47:42,BTC-USD,ask,27263.95,0.0001,-1775.8000000000,26376.0500000000
2023-09-01 14:47:42,BTC-USD,bid,25488.15,0.0001,-1775.8000000000,26376.0500000000
2023-09-01 14:47:47,BTC-USD,ask,27097.52,0.0001,-2392.0600000000,25901.4900000000
2023-09-01 14:47:47,BTC-USD,bid,24705.46,0.0001,-2392.0600000000,25901.4900000000
2023-09-01 14:47:52,BTC-USD,ask,26700.61,0.0001,-1969.3000000000,25715.9600000000
2023-09-01 14:47:52,BTC-USD,bid,24731.31,0.0001,-1969.3000000000,25715.9600000000
2023-09-01 16:03:41,BTC-USD,ask,26752.41,0.0001,-2065.5800000000,25719.6200000000
2023-09-01 16:03:41,BTC-USD,bid,24686.83,0.0001,-2065.5800000000,25719.6200000000
2023-09-01 16:03:46,BTC-USD,ask,50000.0,0.3,-25317.4700000000,37341.2650000000
2023-09-01 16:03:46,BTC-USD,bid,24682.53,0.0001,-25317.4700000000,37341.2650000000
2023-09-01 16:03:51,BTC-USD,ask,26201.6,9.187e-05,-1385.4000000000,25508.9000000000
2023-09-01 16:03:51,BTC-USD,bid,24816.2,0.0001,-1385.4000000000,25508.9000000000
2023-09-01 16:03:56,BTC-USD,ask,26481.46,8.471e-05,-2017.3600000000,25472.7800000000
2023-09-01 16:03:56,BTC-USD,bid,24464.1,9.061e-05,-2017.3600000000,25472.7800000000
2023-09-01 16:04:01,BTC-USD,ask,50000.0,0.3,-25590.1000000000,37204.9500000000
2023-09-01 16:04:01,BTC-USD,bid,24409.9,0.0001,-25590.1000000000,37204.9500000000
2023-09-01 16:04:06,BTC-USD,ask,26776.32,0.0001,-2392.4400000000,25580.1000000000
2023-09-01 16:04:06,BTC-USD,bid,24383.88,0.0001,-2392.4400000000,25580.1000000000
2023-09-01 16:04:11,BTC-USD,ask,25955.81,0.0001,-1387.5300000000,25262.0450000000
2023-09-01 16:04:11,BTC-USD,bid,24568.28,0.0001,-1387.5300000000,25262.0450000000
2023-09-01 16:04:16,BTC-USD,ask,26637.69,0.0001,-2318.7700000000,25478.3050000000
2023-09-01 16:04:16,BTC-USD,bid,24318.92,0.0001,-2318.7700000000,25478.3050000000
2023-09-01 16:04:21,BTC-USD,ask,26600.87,0.0001,-1878.5000000000,25661.6200000000
2023-09-01 16:04:21,BTC-USD,bid,24722.37,0.0001,-1878.5000000000,25661.6200000000
2023-09-01 16:04:26,BTC-USD,ask,26363.1,0.0001,-1795.9400000000,25465.1300000000
2023-09-01 16:04:26,BTC-USD,bid,24567.16,0.0001,-1795.9400000000,25465.1300000000
2023-09-01 16:04:31,BTC-USD,ask,50000.0,0.3,-24645.8700000000,37677.0650000000
2023-09-01 16:04:31,BTC-USD,bid,25354.13,0.0001,-24645.8700000000,37677.0650000000
2023-09-01 16:04:36,BTC-USD,ask,26760.92,0.0001,-2222.4500000000,25649.6950000000
2023-09-01 16:04:36,BTC-USD,bid,24538.47,0.0001,-2222.4500000000,25649.6950000000
2023-09-01 16:04:41,BTC-USD,ask,26510.39,0.0001,-2157.7600000000,25431.5100000000
2023-09-01 16:04:41,BTC-USD,bid,24352.63,0.0001,-2157.7600000000,25431.5100000000
2023-09-01 16:04:46,BTC-USD,ask,26628.67,0.0001,-2365.5200000000,25445.9100000000
2023-09-01 16:04:46,BTC-USD,bid,24263.15,0.0001,-2365.5200000000,25445.9100000000
2023-09-01 16:04:51,BTC-USD,ask,26734.99,0.0001,-2222.1800000000,25623.9000000000
2023-09-01 16:04:51,BTC-USD,bid,24512.81,0.0001,-2222.1800000000,25623.9000000000
2023-09-01 16:04:56,BTC-USD,ask,26277.31,0.0001,-1843.5900000000,25355.5150000000
2023-09-01 16:04:56,BTC-USD,bid,24433.72,0.0001,-1843.5900000000,25355.5150000000
2023-09-01 16:05:01,BTC-USD,ask,26720.25,0.0001,-2380.7100000000,25529.8950000000
2023-09-01 16:05:01,BTC-USD,bid,24339.54,0.0001,-2380.7100000000,25529.8950000000
2023-09-01 16:05:06,BTC-USD,ask,26417.0,0.0001,-2114.8200000000,25359.5900000000
2023-09-01 16:05:06,BTC-USD,bid,24302.18,0.0001,-2114.8200000000,25359.5900000000
2023-09-01 16:05:11,BTC-USD,ask,26291.99,0.0001,-2025.5700000000,25279.2050000000
2023-09-01 16:05:11,BTC-USD,bid,24266.42,0.0001,-2025.5700000000,25279.2050000000
2023-09-01 16:05:16,BTC-USD,ask,50000.0,0.3,-25751.3500000000,37124.3250000000
2023-09-01 16:05:16,BTC-USD,bid,24248.65,0.0001,-25751.3500000000,37124.3250000000
2023-09-01 16:05:21,BTC-USD,ask,26513.2,0.0001,-2114.5700000000,25455.9150000000
2023-09-01 16:05:21,BTC-USD,bid,24398.63,0.0001,-2114.5700000000,25455.9150000000
2023-09-01 16:05:26,BTC-USD,ask,26714.88,0.0001,-2047.5600000000,25691.1000000000
2023-09-01 16:05:26,BTC-USD,bid,24667.32,0.0001,-2047.5600000000,25691.1000000000
2023-09-01 16:05:31,BTC-USD,ask,50000.0,0.3,-25139.4400000000,37430.2800000000
2023-09-01 16:05:31,BTC-USD,bid,24860.56,0.0001,-25139.4400000000,37430.2800000000
2023-09-01 16:05:36,BTC-USD,ask,26769.43,0.0001,-1865.1400000000,25836.8600000000
2023-09-01 16:05:36,BTC-USD,bid,24904.29,0.0001,-1865.1400000000,25836.8600000000
2023-09-01 16:05:41,BTC-USD,ask,26471.13,0.0001,-2091.4800000000,25425.3900000000
2023-09-01 16:05:41,BTC-USD,bid,24379.65,0.0001,-2091.4800000000,25425.3900000000
2023-09-01 16:05:46,BTC-USD,ask,26781.86,0.0001,-1532.3900000000,26015.6650000000
2023-09-01 16:05:46,BTC-USD,bid,25249.47,0.0001,-1532.3900000000,26015.6650000000
2023-09-01 16:05:51,BTC-USD,ask,26265.44,0.0001,-1849.0800000000,25340.9000000000
2023-09-01 16:05:51,BTC-USD,bid,24416.36,0.0001,-1849.0800000000,25340.9000000000
2023-09-01 16:05:56,BTC-USD,ask,50000.0,0.3,-25809.1200000000,37095.4400000000
2023-09-01 16:05:56,BTC-USD,bid,24190.88,0.0001,-25809.1200000000,37095.4400000000
2023-09-01 16:06:01,BTC-USD,ask,26074.91,0.0001,-1255.3500000000,25447.2350000000
2023-09-01 16:06:01,BTC-USD,bid,24819.56,0.0001,-1255.3500000000,25447.2350000000
2023-09-01 16:06:06,BTC-USD,ask,26830.26,0.0001,-1976.6600000000,25841.9300000000
2023-09-01 16:06:06,BTC-USD,bid,24853.6,0.0001,-1976.6600000000,25841.9300000000
2023-09-01 16:06:11,BTC-USD,ask,26330.9,0.0001,-2221.0200000000,25220.3900000000
2023-09-01 16:06:11,BTC-USD,bid,24109.88,0.0001,-2221.0200000000,25220.3900000000
2023-09-01 16:06:16,BTC-USD,ask,50000.0,0.3,-25984.9300000000,37007.5350000000
2023-09-01 16:06:16,BTC-USD,bid,24015.07,0.0001,-25984.9300000000,37007.5350000000
2023-09-01 16:06:21,BTC-USD,ask,26306.18,0.0001,-2203.4500000000,25204.4550000000
2023-09-01 16:06:21,BTC-USD,bid,24102.73,0.0001,-2203.4500000000,25204.4550000000
2023-09-01 16:06:26,BTC-USD,ask,50000.0,0.3,-25794.6200000000,37102.6900000000
2023-09-01 16:06:26,BTC-USD,bid,24205.38,0.0001,-25794.6200000000,37102.6900000000
2023-09-01 16:06:31,BTC-USD,ask,26237.75,0.0001,-1516.4400000000,25479.5300000000
2023-09-01 16:06:31,BTC-USD,bid,24721.31,0.0001,-1516.4400000000,25479.5300000000
2023-09-01 16:06:36,BTC-USD,ask,26605.9,0.0001,-2301.8800000000,25454.9600000000
2023-09-01 16:06:36,BTC-USD,bid,24304.02,0.0001,-2301.8800000000,25454.9600000000
2023-09-01 16:06:41,BTC-USD,ask,26122.04,0.0001,-1283.8300000000,25480.1250000000
2023-09-01 16:06:41,BTC-USD,bid,24838.21,0.0001,-1283.8300000000,25480.1250000000
2023-09-01 16:06:46,BTC-USD,ask,26485.4,0.0001,-2470.3300000000,25250.2350000000
2023-09-01 16:06:46,BTC-USD,bid,24015.07,9.76e-05,-2470.3300000000,25250.2350000000
2023-09-01 16:06:51,BTC-USD,ask,25950.68,0.0001,-1419.1400000000,25241.1100000000
2023-09-01 16:06:51,BTC-USD,bid,24531.54,0.0001,-1419.1400000000,25241.1100000000
2023-09-01 16:06:56,BTC-USD,ask,26363.21,0.0001,-2422.4700000000,25151.9750000000
2023-09-01 16:06:56,BTC-USD,bid,23940.74,0.0001,-2422.4700000000,25151.9750000000
2023-09-01 16:07:01,BTC-USD,ask,50000.0,0.3,-26001.6700000000,36999.1650000000
2023-09-01 16:07:01,BTC-USD,bid,23998.33,0.0001,-26001.6700000000,36999.1650000000
2023-09-01 16:07:06,BTC-USD,ask,26188.4,0.0001,-1293.4800000000,25541.6600000000
2023-09-01 16:07:06,BTC-USD,bid,24894.92,0.0001,-1293.4800000000,25541.6600000000
2023-09-01 16:07:11,BTC-USD,ask,50000.0,0.3,-25945.9700000000,37027.0150000000
2023-09-01 16:07:11,BTC-USD,bid,24054.03,0.0001,-25945.9700000000,37027.0150000000
2023-09-01 16:07:16,BTC-USD,ask,26080.39,0.0001,-2175.6700000000,24992.5550000000
2023-09-01 16:07:16,BTC-USD,bid,23904.72,0.0001,-2175.6700000000,24992.5550000000
2023-09-01 16:07:21,BTC-USD,ask,25731.6,0.0001,-1349.3000000000,25056.9500000000
2023-09-01 16:07:21,BTC-USD,bid,24382.3,0.0001,-1349.3000000000,25056.9500000000
2023-09-01 16:07:26,BTC-USD,ask,25322.63,0.0001,-840.4100000000,24902.4250000000
2023-09-01 16:07:26,BTC-USD,bid,24482.22,0.0001,-840.4100000000,24902.4250000000
2023-09-01 16:07:31,BTC-USD,ask,25754.21,0.0001,-1026.1100000000,25241.1550000000
2023-09-01 16:07:31,BTC-USD,bid,24728.1,0.0001,-1026.1100000000,25241.1550000000
2023-09-01 16:07:36,BTC-USD,ask,26172.48,0.0001,-2265.4300000000,25039.7650000000
2023-09-01 16:07:36,BTC-USD,bid,23907.05,0.0001,-2265.4300000000,25039.7650000000
2023-09-01 16:07:41,BTC-USD,ask,50000.0,0.3,-26041.6500000000,36979.1750000000
2023-09-01 16:07:41,BTC-USD,bid,23958.35,0.0001,-26041.6500000000,36979.1750000000
2023-09-01 16:07:46,BTC-USD,ask,26151.89,0.0001,-2066.2100000000,25118.7850000000
2023-09-01 16:07:46,BTC-USD,bid,24085.68,0.0001,-2066.2100000000,25118.7850000000
2023-09-01 16:07:51,BTC-USD,ask,26350.1,0.0001,-2497.5600000000,25101.3200000000
2023-09-01 16:07:51,BTC-USD,bid,23852.54,0.0001,-2497.5600000000,25101.3200000000
2023-09-01 16:07:56,BTC-USD,ask,50000.0,0.3,-26061.5800000000,36969.2100000000
2023-09-01 16:07:56,BTC-USD,bid,23938.42,0.0001,-26061.5800000000,36969.2100000000
2023-09-01 16:08:01,BTC-USD,ask,25760.52,0.0001,-1926.8400000000,24797.1000000000
2023-09-01 16:08:01,BTC-USD,bid,23833.68,0.0001,-1926.8400000000,24797.1000000000
2023-09-01 16:08:06,BTC-USD,ask,26099.29,0.0001,-2326.3900000000,24936.0950000000
2023-09-01 16:08:06,BTC-USD,bid,23772.9,0.0001,-2326.3900000000,24936.0950000000
2023-09-01 16:08:11,BTC-USD,ask,50000.0,0.3,-26015.0200000000,36992.4900000000
2023-09-01 16:08:11,BTC-USD,bid,23984.98,0.0001,-26015.0200000000,36992.4900000000
2023-09-01 16:08:16,BTC-USD,bid,24327.93,0.0001,-401.0300000000,24127.4150000000
2023-09-01 16:08:16,BTC-USD,bid,23926.9,0.0001,-401.0300000000,24127.4150000000
2023-09-01 16:08:21,BTC-USD,ask,25820.73,0.0001,-1624.1500000000,25008.6550000000
2023-09-01 16:08:21,BTC-USD,bid,24196.58,0.0001,-1624.1500000000,25008.6550000000
2023-09-01 16:08:26,BTC-USD,ask,25291.82,0.0001,-1730.2700000000,24426.6850000000
2023-09-01 16:08:26,BTC-USD,bid,23561.55,0.0001,-1730.2700000000,24426.6850000000
2023-09-01 16:08:31,BTC-USD,ask,50000.0,0.3,0.0000000000,50000.0000000000
2023-09-01 16:08:31,BTC-USD,ask,50000.0,0.3,0.0000000000,50000.0000000000
2023-09-01 16:08:36,BTC-USD,ask,25753.83,0.0001,-1667.0000000000,24920.3300000000
2023-09-01 16:08:36,BTC-USD,bid,24086.83,0.0001,-1667.0000000000,24920.3300000000
2023-09-01 16:08:41,BTC-USD,ask,50000.0,0.3,-25880.0800000000,37059.9600000000
2023-09-01 16:08:41,BTC-USD,bid,24119.92,0.0001,-25880.0800000000,37059.9600000000
2023-09-01 16:08:46,BTC-USD,ask,25752.29,0.0001,-1963.0200000000,24770.7800000000
2023-09-01 16:08:46,BTC-USD,bid,23789.27,0.0001,-1963.0200000000,24770.7800000000
2023-09-01 16:08:51,BTC-USD,ask,25996.98,0.0001,-2306.9100000000,24843.5250000000
2023-09-01 16:08:51,BTC-USD,bid,23690.07,0.0001,-2306.9100000000,24843.5250000000
2023-09-01 16:08:56,BTC-USD,ask,25600.85,0.0001,-1989.0600000000,24606.3200000000
2023-09-01 16:08:56,BTC-USD,bid,23611.79,0.0001,-1989.0600000000,24606.3200000000
2023-09-01 16:09:01,BTC-USD,ask,25805.58,0.0001,-2362.3800000000,24624.3900000000
2023-09-01 16:09:01,BTC-USD,bid,23443.2,0.0001,-2362.3800000000,24624.3900000000
2023-09-01 16:09:06,BTC-USD,ask,25776.75,0.0001,-2180.5900000000,24686.4550000000
2023-09-01 16:09:06,BTC-USD,bid,23596.16,0.0001,-2180.5900000000,24686.4550000000
2023-09-01 16:09:11,BTC-USD,ask,25354.47,0.0001,-817.8900000000,24945.5250000000
2023-09-01 16:09:11,BTC-USD,bid,24536.58,0.0001,-817.8900000000,24945.5250000000
2023-09-01 16:09:16,BTC-USD,ask,25747.39,0.0001,-1248.3200000000,25123.2300000000
2023-09-01 16:09:16,BTC-USD,bid,24499.07,0.0001,-1248.3200000000,25123.2300000000
2023-09-01 16:09:21,BTC-USD,ask,25553.09,0.0001,-1532.4400000000,24786.8700000000
2023-09-01 16:09:21,BTC-USD,bid,24020.65,0.0001,-1532.4400000000,24786.8700000000
2023-09-01 16:09:26,BTC-USD,ask,50000.0,0.3,-26307.2900000000,36846.3550000000
2023-09-01 16:09:26,BTC-USD,bid,23692.71,0.0001,-26307.2900000000,36846.3550000000
2023-09-01 16:09:31,BTC-USD,ask,25560.15,0.0001,-1822.5500000000,24648.8750000000
2023-09-01 16:09:31,BTC-USD,bid,23737.6,0.0001,-1822.5500000000,24648.8750000000
2023-09-01 16:09:36,BTC-USD,ask,25189.32,0.0001,-1096.2200000000,24641.2100000000
2023-09-01 16:09:36,BTC-USD,bid,24093.1,0.0001,-1096.2200000000,24641.2100000000
2023-09-01 16:09:41,BTC-USD,ask,25560.15,9.111e-05,-1930.5400000000,24594.8800000000
2023-09-01 16:09:41,BTC-USD,bid,23629.61,0.0001,-1930.5400000000,24594.8800000000
2023-09-01 16:09:46,BTC-USD,ask,25257.6,0.0001,-1900.6200000000,24307.2900000000
2023-09-01 16:09:46,BTC-USD,bid,23356.98,0.0001,-1900.6200000000,24307.2900000000
2023-09-01 16:09:51,BTC-USD,ask,25455.59,0.0001,-1638.2900000000,24636.4450000000
2023-09-01 16:09:51,BTC-USD,bid,23817.3,0.0001,-1638.2900000000,24636.4450000000
2023-09-01 16:09:56,BTC-USD,ask,25789.0,0.0001,-2301.0000000000,24638.5000000000
2023-09-01 16:09:56,BTC-USD,bid,23488.0,0.0001,-2301.0000000000,24638.5000000000
2023-09-01 16:10:01,BTC-USD,ask,25907.99,0.0001,-2268.2600000000,24773.8600000000
2023-09-01 16:10:01,BTC-USD,bid,23639.73,0.0001,-2268.2600000000,24773.8600000000
2023-09-01 16:10:06,BTC-USD,ask,25578.76,0.0001,-1381.8300000000,24887.8450000000
2023-09-01 16:10:06,BTC-USD,bid,24196.93,0.0001,-1381.8300000000,24887.8450000000
2023-09-01 16:10:11,BTC-USD,ask,25403.64,0.0001,-1738.4800000000,24534.4000000000
2023-09-01 16:10:11,BTC-USD,bid,23665.16,0.0001,-1738.4800000000,24534.4000000000
2023-09-01 16:10:16,BTC-USD,ask,25685.64,0.0001,-1777.5800000000,24796.8500000000
2023-09-01 16:10:16,BTC-USD,bid,23908.06,0.0001,-1777.5800000000,24796.8500000000
2023-09-01 16:10:21,BTC-USD,ask,25588.77,0.0001,-1290.4000000000,24943.5700000000
2023-09-01 16:10:21,BTC-USD,bid,24298.37,0.0001,-1290.4000000000,24943.5700000000
2023-09-01 16:10:26,BTC-USD,ask,50000.0,0.3,-26285.0400000000,36857.4800000000
2023-09-01 16:10:26,BTC-USD,bid,23714.96,0.0001,-26285.0400000000,36857.4800000000
2023-09-01 16:10:31,BTC-USD,ask,25435.73,0.0001,-2172.9000000000,24349.2800000000
2023-09-01 16:10:31,BTC-USD,bid,23262.83,0.0001,-2172.9000000000,24349.2800000000
2023-09-01 16:10:36,BTC-USD,ask,25121.06,0.0001,-1601.1900000000,24320.4650000000
2023-09-01 16:10:36,BTC-USD,bid,23519.87,0.0001,-1601.1900000000,24320.4650000000
2023-09-01 16:10:41,BTC-USD,ask,50000.0,0.3,-26745.2300000000,36627.3850000000
2023-09-01 16:10:41,BTC-USD,bid,23254.77,0.0001,-26745.2300000000,36627.3850000000
2023-09-01 16:10:46,BTC-USD,ask,24757.8,0.0001,-1593.4900000000,23961.0550000000
2023-09-01 16:10:46,BTC-USD,bid,23164.31,0.0001,-1593.4900000000,23961.0550000000
2023-09-01 16:10:51,BTC-USD,ask,25279.8,0.0001,-1983.4700000000,24288.0650000000
2023-09-01 16:10:51,BTC-USD,bid,23296.33,0.0001,-1983.4700000000,24288.0650000000
2023-09-01 16:10:56,BTC-USD,ask,50000.0,0.3,-26342.1300000000,36828.9350000000
2023-09-01 16:10:56,BTC-USD,bid,23657.87,0.0001,-26342.1300000000,36828.9350000000
2023-09-01 16:11:01,BTC-USD,ask,25885.3,0.0001,-2338.6100000000,24715.9950000000
2023-09-01 16:11:01,BTC-USD,bid,23546.69,0.0001,-2338.6100000000,24715.9950000000
2023-09-01 16:11:06,BTC-USD,ask,25667.98,0.0001,-1880.0400000000,24727.9600000000
2023-09-01 16:11:06,BTC-USD,bid,23787.94,0.0001,-1880.0400000000,24727.9600000000
2023-09-01 16:11:11,BTC-USD,ask,50000.0,0.3,-25879.5500000000,37060.2250000000
2023-09-01 16:11:11,BTC-USD,bid,24120.45,0.0001,-25879.5500000000,37060.2250000000
2023-09-01 16:11:16,BTC-USD,ask,25364.71,0.0001,-2116.4500000000,24306.4850000000
2023-09-01 16:11:16,BTC-USD,bid,23248.26,0.0001,-2116.4500000000,24306.4850000000
2023-09-01 16:11:21,BTC-USD,ask,24683.55,0.0001,-1163.6800000000,24101.7100000000
2023-09-01 16:11:21,BTC-USD,bid,23519.87,9.335e-05,-1163.6800000000,24101.7100000000
